<collection xmlns="http://www.loc.gov/MARC21/slim">
  <record>
    <leader>01306cim a22003973a 4500</leader>
    <controlfield tag="001">11866726</controlfield>
    <controlfield tag="003">LIBRIS</controlfield>
    <controlfield tag="005">20130325164417.0</controlfield>
    <controlfield tag="007">sd |||||||||||</controlfield>
    <controlfield tag="008">100609snnnn sw nnnng ||||||f| n swe c</controlfield>
    <datafield tag="035" ind1=" " ind2=" ">
      <subfield code="5">Mo</subfield>
      <subfield code="a">(Mo)b1465362</subfield>
    </datafield>
    <datafield tag="041" ind1="1" ind2=" ">
      <subfield code="a">swe</subfield>
      <subfield code="h">eng</subfield>
    </datafield>
    <datafield tag="082" ind1="0" ind2="4">
      <subfield code="a">839.78</subfield>
      <subfield code="2">22 (machine generated)</subfield>
    </datafield>
    <datafield tag="100" ind1="1" ind2=" ">
      <subfield code="a">Dexter, Colin</subfield>
      <subfield code="0">http://viaf.org/viaf/35243485</subfield>
      <subfield code="d">1930-2017</subfield>
      <subfield code="4">aut</subfield>
    </datafield>
    <datafield tag="240" ind1="1" ind2="0">
      <subfield code="a">Death is now my neighbour</subfield>
      <subfield code="0">http://viaf.org/viaf/177103862</subfield>
    </datafield>
    <datafield tag="245" ind1="1" ind2="0">
      <subfield code="a">Med döden som granne</subfield>
      <subfield code="h">[Lydopptak] /</subfield>
      <subfield code="c">Colin Dexter ; översättning av Sune Karlsson</subfield>
    </datafield>
    <datafield tag="260" ind1=" " ind2=" ">
      <subfield code="a">Lund</subfield>
      <subfield code="b">Btj</subfield>
      <subfield code="c">2001</subfield>
    </datafield>
    <datafield tag="300" ind1=" " ind2=" ">
      <subfield code="a">1 CD-R (9 tim. 45 min.) : mono</subfield>
    </datafield>
    <datafield tag="336" ind1=" " ind2=" ">
      <subfield code="a">spoken word</subfield>
      <subfield code="b">spw</subfield>
      <subfield code="2">rdacontent</subfield>
      <subfield code="0">http://rdaregistry.info/termList/RDAContentType/1013</subfield>
    </datafield>
    <datafield tag="337" ind1=" " ind2=" ">
      <subfield code="a">audio</subfield>
      <subfield code="b">a</subfield>
      <subfield code="2">rdamedia</subfield>
      <subfield code="0">http://rdaregistry.info/termList/RDAMediaType/1001</subfield>
    </datafield>
    <datafield tag="338" ind1=" " ind2=" ">
      <subfield code="a">audio disc</subfield>
      <subfield code="b">ad</subfield>
      <subfield code="2">rdacarrier</subfield>
      <subfield code="0">http://rdaregistry.info/termList/RDACarrierType/1004</subfield>
    </datafield>
    <datafield tag="380" ind1=" " ind2=" ">
      <subfield code="a">Roman</subfield>
      <subfield code="0">http://id.loc.gov/authorities/genreForms/gf2015026020</subfield>
      <subfield code="2">LCSH</subfield>
    </datafield>
    <datafield tag="600" ind1="1" ind2="0">
      <subfield code="a">Morse,</subfield>
      <subfield code="c">Inspektør (fiktiv person)</subfield>
      <subfield code="0">http://viaf.org/viaf/313299359</subfield>
    </datafield>
    <datafield tag="655" ind1=" " ind2="4">
      <subfield code="a">Kriminal</subfield>
    </datafield>
    <datafield tag="700" ind1="1" ind2=" ">
      <subfield code="a">Karlsson, Sune</subfield>
      <subfield code="d">1932-1999</subfield>
      <subfield code="4">trl</subfield>
      <subfield code="0">http://viaf.org/viaf/74539428</subfield>
    </datafield>
    <datafield tag="700" ind1="1" ind2=" ">
      <subfield code="a">Dexter, Colin,</subfield>
      <subfield code="d">1930-2017</subfield>
      <subfield code="4">http://rdaregistry.info/Elements/w/P10156</subfield>
      <subfield code="t">The Daughters of Cain</subfield>
      <subfield code="0">http://viaf.org/viaf/1777154501853539210007</subfield>
    </datafield>
  </record>