
  <record>
    <leader>01252cgm a2200349 c 4500</leader>
    <controlfield tag="001">990932959874702201</controlfield>
    <controlfield tag="005">20160519160020.0</controlfield>
    <controlfield tag="007">vd |v||||</controlfield>
    <controlfield tag="008">090923s2006 xx#|||||||||||####v|mul|d</controlfield>
    <datafield tag="035" ind1=" " ind2=" ">
      <subfield code="a">093295987-47bibsys_network</subfield>
    </datafield>
    <datafield tag="035" ind1=" " ind2=" ">
      <subfield code="a">(NO-TrBIB)093295987</subfield>
    </datafield>
    <datafield tag="041" ind1=" " ind2=" ">
      <subfield code="a">eng</subfield>
      <subfield code="a">nob</subfield>
    </datafield>
    <datafield tag="245" ind1="0" ind2="0">
      <subfield code="a">Inspektør Morse</subfield>
      <subfield code="c">directed by Alastair Reid, Edward Bennett, Peter Hammond</subfield>
      <subfield code="h">[videoopptak]</subfield>
      <subfield code="n">Collection 2</subfield>
    </datafield>
    <datafield tag="260" ind1=" " ind2=" ">
      <subfield code="a">Oslo</subfield>
      <subfield code="b">SF Norge</subfield>
      <subfield code="c">[2006]</subfield>
    </datafield>
    <datafield tag="300" ind1=" " ind2=" ">
      <subfield code="a">3 plater (DVD-video) (4 t)</subfield>
      <subfield code="b">lyd, kol.</subfield>
    </datafield>
    <datafield tag="336" ind1=" " ind2=" ">
      <subfield code="a">two-dimensional moving image</subfield>
      <subfield code="b">2dmi</subfield>
      <subfield code="2">rdacontent</subfield>
      <subfield code="0">http://rdaregistry.info/termList/RDAContentType/1023</subfield>
    </datafield>
    <datafield tag="337" ind1=" " ind2=" ">
      <subfield code="a">video</subfield>
      <subfield code="b">v</subfield>
      <subfield code="2">rdamedia</subfield>
      <subfield code="0">http://rdaregistry.info/termList/RDAMediaType/1008</subfield>
    </datafield>
    <datafield tag="338" ind1=" " ind2=" ">
      <subfield code="a">videodisc</subfield>
      <subfield code="b">vd</subfield>
      <subfield code="2">rdacarrier</subfield>
      <subfield code="0">http://rdaregistry.info/termList/RDACarrierType/1060</subfield>
    </datafield>
    <datafield tag="380" ind1=" " ind2=" ">
      <subfield code="a">TV-serie</subfield>
      <subfield code="0">http://id.loc.gov/authorities/genreForms/gf2011026673</subfield>
      <subfield code="2">LCSH</subfield>
    </datafield>
    <datafield tag="490" ind1="1" ind2=" ">
      <subfield code="a">Inspector Morse</subfield>
      <subfield code="v">2</subfield>
    </datafield>
    <datafield tag="505" ind1="0" ind2=" ">
      <subfield code="a">Det forsvunne smykket, Ung jente forsvunnet, Oppgjørets
				time</subfield>
    </datafield>
    <datafield tag="600" ind1="1" ind2="0">
      <subfield code="a">Morse,</subfield>
      <subfield code="c">Inspektør (fiktiv person)</subfield>
      <subfield code="0">http://viaf.org/viaf/313299359</subfield>
    </datafield>
    <datafield tag="655" ind1=" " ind2="4">
      <subfield code="a">Kriminal</subfield>
    </datafield>
    <datafield tag="700" ind1="1" ind2=" ">
      <subfield code="a">Thaw, John</subfield>
      <subfield code="d">1942-2002</subfield>
      <subfield code="4">act</subfield>
      <subfield code="0">http://viaf.org/viaf/91535456</subfield>
    </datafield>
    <datafield tag="700" ind1="1" ind2=" ">
      <subfield code="a">Whately, Kevin</subfield>
      <subfield code="d">1951-</subfield>
      <subfield code="0">http://viaf.org/viaf/9440556</subfield>
      <subfield code="4">act</subfield>
    </datafield>
    <datafield tag="700" ind1="1" ind2=" ">
      <subfield code="a">Reid, Alastair</subfield>
      <subfield code="4">drt</subfield>
      <subfield code="0">http://viaf.org/viaf/7054010</subfield>
      <subfield code="d">1939-2011</subfield>
    </datafield>
    <datafield tag="700" ind1="1" ind2=" ">
      <subfield code="a">Bennett, Edward</subfield>
      <subfield code="d">1950-</subfield>
      <subifield code="4">act</subifield>
      <subfield code="0">http://viaf.org/viaf/78558655</subfield>
    </datafield>
    <datafield tag="700" ind1="1" ind2=" ">
      <subfield code="a">Hammond, Peter</subfield>
      <subfield code="d">1923-2011</subfield>
      <subfield code="0">http://viaf.org/viaf/12506429</subfield>
      <subfield code="4">drt</subfield>
    </datafield>
    <datafield tag="700" ind1="1" ind2="0">
      <subfield code="a">Morse,</subfield>
      <subfield code="c">Inspektør (fiktiv person)</subfield>
      <subfield code="0">http://viaf.org/viaf/313299359</subfield>
      <subfield code="4">http://rdaregistry.info/Elements/w/P10311</subfield>
    </datafield>
    <datafield tag="830" ind1="" ind2="0">
      <subfield code="a">Inspector Morse</subfield>
      <subfield code="0">http://imdb.com/title/tt0092379/</subfield>
      <subfield code="v">2</subfield>
    </datafield>
  </record>