
  <record>
    <leader>02034cgm a2200493 c 4500</leader>
    <controlfield tag="001">991122534074702201</controlfield>
    <controlfield tag="005">20160519160256.0</controlfield>
    <controlfield tag="007">vd |v||||</controlfield>
    <controlfield tag="008">120327s2011 xx#|||||||||||####v|mul|d</controlfield>
    <datafield tag="035" ind1=" " ind2=" ">
      <subfield code="a">112253407-47bibsys_network</subfield>
    </datafield>
    <datafield tag="035" ind1=" " ind2=" ">
      <subfield code="a">(NO-TrBIB)112253407</subfield>
    </datafield>
    <datafield tag="041" ind1=" " ind2=" ">
      <subfield code="a">eng</subfield>
      <subfield code="a">nob</subfield>
    </datafield>
    <datafield tag="130" ind1="1" ind2=" ">
      <subfield code="a">Inspector Morse</subfield>
      <subfield code="0">http://imdb.com/title/tt0092379/episodes?season=1</subfield>
    </datafield>
    <datafield tag="245" ind1="0" ind2="0">
      <subfield code="a">Inspektør Morse</subfield>
      <subfield code="c">screenplay by Julian Mitchell, Anthony Minghella ; produced by Kenny
				McBain ; directed by Peter Hammond, Brian Parker, Alastair Reid</subfield>
      <subfield code="h">[videoopptak]</subfield>
      <subfield code="n">Boks 1</subfield>
    </datafield>
    <datafield tag="246" ind1="1" ind2=" ">
      <subfield code="a">Inspector Morse</subfield>
      <subfield code="i">Originaltittel</subfield>
    </datafield>
    <datafield tag="246" ind1="1" ind2=" ">
      <subfield code="a">Dead of Jericho</subfield>
      <subfield code="i">Originaltittel</subfield>
    </datafield>
    <datafield tag="246" ind1="1" ind2=" ">
      <subfield code="a">The silent world of Nicholas Quinn</subfield>
      <subfield code="i">Originaltittel</subfield>
    </datafield>
    <datafield tag="246" ind1="1" ind2=" ">
      <subfield code="a">The service of all the dead</subfield>
      <subfield code="i">Originaltittel</subfield>
    </datafield>
    <datafield tag="260" ind1=" " ind2=" ">
      <subfield code="a">Oslo</subfield>
      <subfield code="b">SF Norge</subfield>
      <subfield code="c">[2011]</subfield>
    </datafield>
    <datafield tag="300" ind1=" " ind2=" ">
      <subfield code="a">2 plater (DVD-video) (307 min)</subfield>
      <subfield code="b">lyd, kol.</subfield>
    </datafield>
    <datafield tag="336" ind1=" " ind2=" ">
      <subfield code="a">two-dimensional moving image</subfield>
      <subfield code="b">2dmi</subfield>
      <subfield code="2">rdacontent</subfield>
      <subfield code="0">http://rdaregistry.info/termList/RDAContentType/1023</subfield>
    </datafield>
    <datafield tag="337" ind1=" " ind2=" ">
      <subfield code="a">video</subfield>
      <subfield code="b">v</subfield>
      <subfield code="2">rdamedia</subfield>
      <subfield code="0">http://rdaregistry.info/termList/RDAMediaType/1008</subfield>
    </datafield>
    <datafield tag="338" ind1=" " ind2=" ">
      <subfield code="a">videodisc</subfield>
      <subfield code="b">vd</subfield>
      <subfield code="2">rdacarrier</subfield>
      <subfield code="0">http://rdaregistry.info/termList/RDACarrierType/1060</subfield>
    </datafield>
    <datafield tag="380" ind1=" " ind2=" ">
      <subfield code="a">TV-serie</subfield>
      <subfield code="0">http://id.loc.gov/authorities/genreForms/gf2011026673</subfield>
      <subfield code="2">LCSH</subfield>
    </datafield>
    <datafield tag="490" ind1="1" ind2=" ">
      <subfield code="a">Inspector Morse</subfield>
      <subfield code="v">1</subfield>
    </datafield>
    <datafield tag="505" ind1="0" ind2=" ">
      <subfield code="a">Døden i Jericho ; Nicholas Quinns tause verden ; Sjelemesse</subfield>
    </datafield>
    <datafield tag="600" ind1="1" ind2="0">
      <subfield code="a">Morse,</subfield>
      <subfield code="c">Inspektør (fiktiv person)</subfield>
      <subfield code="0">http://viaf.org/viaf/313299359</subfield>
    </datafield>
    <datafield tag="655" ind1=" " ind2="4">
      <subfield code="a">Kriminal</subfield>
    </datafield>
    <datafield tag="700" ind1="1" ind2=" ">
      <subfield code="a">Dexter, Colin</subfield>
      <subfield code="d">1930-2017</subfield>
      <subfield code="0">http://viaf.org/viaf/35243485</subfield>
      <subfield code="4">aus</subfield>
    </datafield>
    <datafield tag="700" ind1="1" ind2=" ">
      <subfield code="a">Minghella, Anthony</subfield>
      <subfield code="d">1954-2008</subfield>
      <subfield code="0">http://viaf.org/viaf/12506562</subfield>
      <subfield code="4">aus</subfield>
    </datafield>
    <datafield tag="700" ind1="1" ind2=" ">
      <subfield code="a">McBain, Kenny</subfield>
      <subfield code="4">pro</subfield>
      <subfield code="d">1946–1989</subfield>
      <subfield code="0">http://viaf.org/viaf/250149294299680521499</subfield>
    </datafield>
    <datafield tag="700" ind1="1" ind2=" ">
      <subfield code="a">Mitchell, Julian</subfield>
      <subfield code="d">1935-</subfield>
      <subfield code="4">aus</subfield>
      <subfield code="0">http://viaf.org/viaf/14980626</subfield>
    </datafield>
    <datafield tag="700" ind1="1" ind2=" ">
      <subfield code="a">Reid, Alastair</subfield>
      <subfield code="4">drt</subfield>
      <subfield code="0">http://viaf.org/viaf/7054010</subfield>
      <subfield code="d">1939-2011</subfield>
    </datafield>
    <datafield tag="700" ind1="1" ind2=" ">
      <subfield code="a">Parker, Brian</subfield>
      <subfield code="d">1929-</subfield>
      <subfield code="4">drt</subfield>
    </datafield>
    <datafield tag="700" ind1="1" ind2=" ">
      <subfield code="a">Hammond, Peter</subfield>
      <subfield code="d">1923-2011</subfield>
      <subfield code="0">http://viaf.org/viaf/12506429</subfield>
      <subfield code="4">drt</subfield>
    </datafield>
    <datafield tag="700" ind1="1" ind2=" ">
      <subfield code="a">Thaw, John</subfield>
      <subfield code="d">1942-2002</subfield>
      <subfield code="4">act</subfield>
      <subfield code="0">http://viaf.org/viaf/91535456</subfield>
    </datafield>
    <datafield tag="700" ind1="1" ind2=" ">
      <subfield code="a">Whately, Kevin</subfield>
      <subfield code="d">1951-</subfield>
      <subfield code="0">http://viaf.org/viaf/9440556</subfield>
      <subfield code="4">act</subfield>
    </datafield>
    <datafield tag="700" ind1="1" ind2="0">
      <subfield code="a">Morse,</subfield>
      <subfield code="c">Inspektør (fiktiv person)</subfield>
      <subfield code="0">http://viaf.org/viaf/313299359</subfield>
      <subfield code="4">http://rdaregistry.info/Elements/w/P10311</subfield>
    </datafield>
    <datafield tag="830" ind1="" ind2="0">
      <subfield code="a">Inspector Morse</subfield>
      <subfield code="0">http://imdb.com/title/tt0092379/</subfield>
      <subfield code="v">1</subfield>
    </datafield>
  </record>