
  <record>
    <leader>01034cam a22003011 4500</leader>
    <controlfield tag="001">8914368</controlfield>
    <controlfield tag="005">20070828154151.0</controlfield>
    <controlfield tag="008">760512s1964 enk b 000 0 eng </controlfield>
    <datafield tag="035" ind1=" " ind2=" ">
      <subfield code="9">(DLC) 63022316</subfield>
    </datafield>
    <datafield tag="035" ind1=" " ind2=" ">
      <subfield code="a">(OCoLC)2170922</subfield>
    </datafield>
    <datafield tag="082" ind1=" " ind2=" ">
      <subfield code="a">370.1</subfield>
    </datafield>
    <datafield tag="100" ind1="1" ind2=" ">
      <subfield code="a">Dexter, Colin</subfield>
      <subfield code="0">http://viaf.org/viaf/35243485</subfield>
      <subfield code="d">1930-2017</subfield>
      <subfield code="4">aut</subfield>
    </datafield>
    <datafield tag="245" ind1="1" ind2="0">
      <subfield code="a">Liberal studies:</subfield>
      <subfield code="b">an outline course</subfield>
      <subfield code="c">[by] N. C. Dexter and E. G. Rayner.</subfield>
    </datafield>
    <datafield tag="260" ind1=" " ind2=" ">
      <subfield code="a">Oxford</subfield>
      <subfield code="b">Pergamon Press</subfield>
      <subfield code="a">New York</subfield>
      <subfield code="b">Macmillan</subfield>
      <subfield code="c">[1964]</subfield>
    </datafield>
    <datafield tag="300" ind1=" " ind2=" ">
      <subfield code="a">2 v.</subfield>
      <subfield code="c">20 cm.</subfield>
    </datafield>
    <datafield tag="336" ind1=" " ind2=" ">
      <subfield code="a">text</subfield>
      <subfield code="b">txt</subfield>
      <subfield code="2">rdacontent</subfield>
      <subfield code="0">http://rdaregistry.info/termList/RDAContentType/1020</subfield>
    </datafield>
    <datafield tag="337" ind1=" " ind2=" ">
      <subfield code="a">unmediated</subfield>
      <subfield code="b">umd</subfield>
      <subfield code="2">rdamedia</subfield>
      <subfield code="0">http://rdaregistry.info/termList/RDAMediaType/1007</subfield>
    </datafield>
    <datafield tag="338" ind1=" " ind2=" ">
      <subfield code="a">volume</subfield>
      <subfield code="b">vol</subfield>
      <subfield code="2">rdacarrier</subfield>
      <subfield code="0">http://rdaregistry.info/termList/RDACarrierType/1049</subfield>
    </datafield>
    <datafield tag="380" ind1=" " ind2=" ">
      <subfield code="a">Sakprosa</subfield>
      <subfield code="0">http://id.loc.gov/authorities/genreForms/gf2014026114</subfield>
      <subfield code="2">LCSH</subfield>
    </datafield>
    <datafield tag="504" ind1=" " ind2=" ">
      <subfield code="a">Includes bibliographies.</subfield>
    </datafield>
    <datafield tag="700" ind1="1" ind2=" ">
      <subfield code="a">Rayner, E. G.</subfield>
      <subfield code="4">aut</subfield>
      <subfield code="0">http://viaf.org/viaf/167296463</subfield>
      <subfield code="d">1927-</subfield>
    </datafield>
  </record>