
  <record>
    <leader>01482cim a2200409 a 4500</leader>
    <controlfield tag="001">12104891</controlfield>
    <controlfield tag="003">LIBRIS</controlfield>
    <controlfield tag="005">20151027170228.0</controlfield>
    <controlfield tag="007">ss||||||||||||</controlfield>
    <controlfield tag="008">110304s1998 sw nnnn ||||||f| n swe c</controlfield>
    <datafield tag="020" ind1=" " ind2=" ">
      <subfield code="a">9179530087</subfield>
    </datafield>
    <datafield tag="035" ind1=" " ind2=" ">
      <subfield code="a">AVM001525895</subfield>
    </datafield>
    <datafield tag="035" ind1=" " ind2=" ">
      <subfield code="5">S</subfield>
      <subfield code="a">AVM001525895</subfield>
    </datafield>
    <datafield tag="041" ind1="1" ind2=" ">
      <subfield code="d">swe</subfield>
      <subfield code="h">eng</subfield>
    </datafield>
    <datafield tag="082" ind1="0" ind2="4">
      <subfield code="a">839.78</subfield>
      <subfield code="2">22 (machine generated)</subfield>
    </datafield>
    <datafield tag="100" ind1="1" ind2=" ">
      <subfield code="a">Dexter, Colin</subfield>
      <subfield code="0">http://viaf.org/viaf/35243485</subfield>
      <subfield code="d">1930-2017</subfield>
      <subfield code="4">aut</subfield>
    </datafield>
    <datafield tag="240" ind1="1" ind2="4">
      <subfield code="a">Morse's Greatest Mystery and Other Stories</subfield>
      <subfield code="0">https://wikidata.org/wiki/Q6914231</subfield>
    </datafield>
    <datafield tag="245" ind1="1" ind2="0">
      <subfield code="a">Morses största gåta och andra berättelser</subfield>
      <subfield code="h">[Lydopptak] /</subfield>
      <subfield code="c">Colin Dexter ; övers. Karl G. Fredriksson, Lilian
				Fredriksson</subfield>
    </datafield>
    <datafield tag="260" ind1=" " ind2=" ">
      <subfield code="a">Enskede</subfield>
      <subfield code="b">Iris</subfield>
      <subfield code="c">p 1998</subfield>
    </datafield>
    <datafield tag="300" ind1=" " ind2=" ">
      <subfield code="a">2 Kassetter (3 tim.)</subfield>
    </datafield>
    <datafield tag="336" ind1=" " ind2=" ">
      <subfield code="a">spoken word</subfield>
      <subfield code="b">spw</subfield>
      <subfield code="2">rdacontent</subfield>
      <subfield code="0">http://rdaregistry.info/termList/RDAContentType/1013</subfield>
    </datafield>
    <datafield tag="337" ind1=" " ind2=" ">
      <subfield code="a">audio</subfield>
      <subfield code="b">a</subfield>
      <subfield code="2">rdamedia</subfield>
      <subfield code="0">http://rdaregistry.info/termList/RDAMediaType/1001</subfield>
    </datafield>
    <datafield tag="338" ind1=" " ind2=" ">
      <subfield code="a">audiocassette</subfield>
      <subfield code="b">ac</subfield>
      <subfield code="2">rdacarrier</subfield>
      <subfield code="0">http://rdaregistry.info/termList/RDACarrierType/1007</subfield>
    </datafield>
    <datafield tag="380" ind1=" " ind2=" ">
      <subfield code="a">Novelle</subfield>
      <subfield code="0">http://id.loc.gov/authorities/genreForms/gf2014026542</subfield>
      <subfield code="2">LCSH</subfield>
    </datafield>
    <datafield tag="505" ind1="0" ind2="">
      <subfield code="a">Innhold: As Good as Gold ; Morse's Greatest Mystery ; Evans Tries an
				O-Level ; Dead as a Dodo ; At the Lulu-Bar Motel ; Neighbourhood Watch ; A Case of
				Mis-Identity ; The Inside Story ; Monty's Revolver ; The Carpet-Bagger ; Last
				Call</subfield>
    </datafield>
    <datafield tag="600" ind1="1" ind2="0">
      <subfield code="a">Morse,</subfield>
      <subfield code="c">Inspektør (fiktiv person)</subfield>
      <subfield code="0">http://viaf.org/viaf/313299359</subfield>
    </datafield>
    <datafield tag="655" ind1=" " ind2="4">
      <subfield code="a">Kriminal</subfield>
    </datafield>
    <datafield tag="700" ind1="1" ind2=" ">
      <subfield code="a">Wahlund, Torsten</subfield>
      <subfield code="4">nrt</subfield>
      <subfield code="0">http://viaf.org/viaf/9374149108514768780003</subfield>
      <subfield code="d">1938-</subfield>
    </datafield>
    <datafield tag="700" ind1="1" ind2=" ">
      <subfield code="a">Fredriksson, Karl G.</subfield>
      <subfield code="d">1941-2015</subfield>
      <subfield code="4">trl</subfield>
      <subfield code="0">http://viaf.org/viaf/48469482</subfield>
    </datafield>
    <datafield tag="700" ind1="1" ind2=" ">
      <subfield code="a">Fredriksson, Lilian</subfield>
      <subfield code="d">1942-</subfield>
      <subfield code="4">trl</subfield>
      <subfield code="0">http://viaf.org/viaf/23840977</subfield>
    </datafield>
    <datafield tag="700" ind1="1" ind2="2">
      <subfield code="a">Dexter, Colin</subfield>
      <subfield code="d">1930-2017</subfield>
      <subfield code="t">The inside story</subfield>
      <subfield code="u">inside story</subfield>
      <subfield code="0">http://viaf.org/viaf/195837465</subfield>
    </datafield>
  </record>