
  <record>
    <leader>00982pam a2200301 a 4500</leader>
    <controlfield tag="001">015837064</controlfield>
    <controlfield tag="003">Uk</controlfield>
    <controlfield tag="005">20120516150154.0</controlfield>
    <controlfield tag="008">110624s2011 enkaf b 000 0 eng d</controlfield>
    <datafield tag="020" ind1=" " ind2=" ">
      <subfield code="a">9780857682482</subfield>
    </datafield>
    <datafield tag="020" ind1=" " ind2=" ">
      <subfield code="a">0857682482</subfield>
    </datafield>
    <datafield tag="082" ind1="0" ind2="4">
      <subfield code="a">791.4572</subfield>
      <subfield code="2">22</subfield>
    </datafield>
    <datafield tag="100" ind1="1" ind2=" ">
      <subfield code="a">Bishop, David</subfield>
      <subfield code="4">aut</subfield>
      <subfield code="d">1966-</subfield>
      <subfield code="0">http://viaf.org/viaf/94029328</subfield>
    </datafield>
    <datafield tag="245" ind1="1" ind2="4">
      <subfield code="a">The complete Inspector Morse:</subfield>
      <subfield code="b">from the original novels to the screen /</subfield>
      <subfield code="c">David Bishop.</subfield>
    </datafield>
    <datafield tag="250" ind1=" " ind2=" ">
      <subfield code="a">Updated ed.</subfield>
    </datafield>
    <datafield tag="260" ind1=" " ind2=" ">
      <subfield code="a">London</subfield>
      <subfield code="b">Titan Books</subfield>
      <subfield code="c">2011</subfield>
    </datafield>
    <datafield tag="300" ind1=" " ind2=" ">
      <subfield code="a">301 s., [8] s. of plates :</subfield>
      <subfield code="b">ill. ;</subfield>
      <subfield code="c">24 cm.</subfield>
    </datafield>
    <datafield tag="336" ind1=" " ind2=" ">
      <subfield code="a">text</subfield>
      <subfield code="b">txt</subfield>
      <subfield code="2">rdacontent</subfield>
      <subfield code="0">http://rdaregistry.info/termList/RDAContentType/1020</subfield>
    </datafield>
    <datafield tag="337" ind1=" " ind2=" ">
      <subfield code="a">unmediated</subfield>
      <subfield code="b">umd</subfield>
      <subfield code="2">rdamedia</subfield>
      <subfield code="0">http://rdaregistry.info/termList/RDAMediaType/1007</subfield>
    </datafield>
    <datafield tag="338" ind1=" " ind2=" ">
      <subfield code="a">volume</subfield>
      <subfield code="b">vol</subfield>
      <subfield code="2">rdacarrier</subfield>
      <subfield code="0">http://rdaregistry.info/termList/RDACarrierType/1049</subfield>
    </datafield>
    <datafield tag="380" ind1=" " ind2=" ">
      <subfield code="a">Sakprosa</subfield>
      <subfield code="0">http://id.loc.gov/authorities/genreForms/gf2014026114</subfield>
      <subfield code="2">LCSH</subfield>
    </datafield>
    <datafield tag="504" ind1=" " ind2=" ">
      <subfield code="a">Includes bibliographical references.</subfield>
    </datafield>
    <datafield tag="600" ind1="1" ind2="0">
      <subfield code="a">Dexter, Colin</subfield>
      <subfield code="0">http://viaf.org/viaf/35243485</subfield>
      <subfield code="d">1930-2017</subfield>
      <subfield code="x">Characters</subfield>
      <subfield code="x">Inspector Morse.</subfield>
    </datafield>
    <datafield tag="600" ind1="1" ind2="0">
      <subfield code="a">Morse,</subfield>
      <subfield code="c">Inspektør (fiktiv person)</subfield>
      <subfield code="0">http://viaf.org/viaf/313299359</subfield>
    </datafield>
  </record>