
  <record>
    <leader>01899aam a22005171a 4500</leader>
    <controlfield tag="001">017819402</controlfield>
    <controlfield tag="003">Uk</controlfield>
    <controlfield tag="005">20170705081016.0</controlfield>
    <controlfield tag="006">m || d | </controlfield>
    <controlfield tag="007">cr |||||||||||</controlfield>
    <controlfield tag="008">110316s2016 nyu o 000 1 eng d</controlfield>
    <datafield tag="020" ind1=" " ind2=" ">
      <subfield code="a">9780307778970</subfield>
      <subfield code="q">(electronic bk.)</subfield>
    </datafield>
    <datafield tag="020" ind1=" " ind2=" ">
      <subfield code="a">0307778975</subfield>
      <subfield code="q">(electronic bk.)</subfield>
    </datafield>
    <datafield tag="020" ind1=" " ind2=" ">
      <subfield code="a">9780330468664</subfield>
      <subfield code="q">(electronic bk.)</subfield>
    </datafield>
    <datafield tag="020" ind1=" " ind2=" ">
      <subfield code="a">0330468669</subfield>
      <subfield code="q">(electronic bk.)</subfield>
    </datafield>
    <datafield tag="020" ind1=" " ind2=" ">
      <subfield code="a">9781743033036</subfield>
      <subfield code="q">(electronic bk.)</subfield>
    </datafield>
    <datafield tag="020" ind1=" " ind2=" ">
      <subfield code="a">1743033036</subfield>
      <subfield code="q">(electronic bk.)</subfield>
    </datafield>
    <datafield tag="082" ind1="0" ind2="4">
      <subfield code="a">823/.914</subfield>
      <subfield code="2">22</subfield>
    </datafield>
    <datafield tag="100" ind1="1" ind2=" ">
      <subfield code="a">Dexter, Colin</subfield>
      <subfield code="0">http://viaf.org/viaf/35243485</subfield>
      <subfield code="d">1930-2017</subfield>
      <subfield code="4">aut</subfield>
    </datafield>
    <datafield tag="240" ind1="0" ind2="4">
      <subfield code="a">The daughters of Cain</subfield>
      <subfield code="0">http://viaf.org/viaf/1777154501853539210007</subfield>
    </datafield>
    <datafield tag="245" ind1="1" ind2="4">
      <subfield code="a">The daughters of Cain</subfield>
      <subfield code="c">Colin Dexter.</subfield>
    </datafield>
    <datafield tag="260" ind1=" " ind2=" ">
      <subfield code="a">New York</subfield>
      <subfield code="b">Ivy Books</subfield>
      <subfield code="c">2016</subfield>
    </datafield>
    <datafield tag="300" ind1=" " ind2=" ">
      <subfield code="a">1 online resource (333 s.).</subfield>
    </datafield>
    <datafield tag="336" ind1=" " ind2=" ">
      <subfield code="a">text</subfield>
      <subfield code="b">txt</subfield>
      <subfield code="2">rdacontent</subfield>
      <subfield code="0">http://rdaregistry.info/termList/RDAContentType/1020</subfield>
    </datafield>
    <datafield tag="337" ind1=" " ind2=" ">
      <subfield code="a">computer</subfield>
      <subfield code="b">com</subfield>
      <subfield code="2">rdamedia</subfield>
      <subfield code="0">http://rdaregistry.info/termList/RDAMediaType/1003</subfield>
    </datafield>
    <datafield tag="338" ind1=" " ind2=" ">
      <subfield code="a">online resource</subfield>
      <subfield code="b">or</subfield>
      <subfield code="2">rdacarrier</subfield>
      <subfield code="0">http://rdaregistry.info/termList/RDACarrierType/1018</subfield>
    </datafield>
    <datafield tag="380" ind1=" " ind2=" ">
      <subfield code="a">Roman</subfield>
      <subfield code="0">http://id.loc.gov/authorities/genreForms/gf2015026020</subfield>
      <subfield code="2">LCSH</subfield>
    </datafield>
    <datafield tag="600" ind1="1" ind2="0">
      <subfield code="a">Morse,</subfield>
      <subfield code="c">Inspektør (fiktiv person)</subfield>
      <subfield code="0">http://viaf.org/viaf/313299359</subfield>
    </datafield>
    <datafield tag="655" ind1=" " ind2="4">
      <subfield code="a">Kriminal</subfield>
    </datafield>
    <datafield tag="700" ind1="1" ind2=" ">
      <subfield code="a">Dexter, Colin,</subfield>
      <subfield code="d">1930-2017</subfield>
      <subfield code="4">http://rdaregistry.info/Elements/w/P10156</subfield>
      <subfield code="t">The Way through the Woods</subfield>
      <subfield code="0">http://viaf.org/viaf/8386154501923939210003</subfield>
    </datafield>
  </record>