
  <record>
    <leader>01362cam a2200421 4500</leader>
    <controlfield tag="001">7155751</controlfield>
    <controlfield tag="003">LIBRIS</controlfield>
    <controlfield tag="005">20150410103536.0</controlfield>
    <controlfield tag="008">011211s1992 sw 000 f swe </controlfield>
    <datafield tag="020" ind1=" " ind2=" ">
      <subfield code="a">9119123019</subfield>
    </datafield>
    <datafield tag="035" ind1=" " ind2=" ">
      <subfield code="9">9119123019</subfield>
    </datafield>
    <datafield tag="041" ind1="1" ind2=" ">
      <subfield code="a">swe</subfield>
      <subfield code="h">eng</subfield>
    </datafield>
    <datafield tag="082" ind1="0" ind2="4">
      <subfield code="a">823</subfield>
      <subfield code="2">22 (machine generated)</subfield>
    </datafield>
    <datafield tag="100" ind1="1" ind2=" ">
      <subfield code="a">Dexter, Colin</subfield>
      <subfield code="0">http://viaf.org/viaf/35243485</subfield>
      <subfield code="d">1930-2017</subfield>
      <subfield code="4">aut</subfield>
    </datafield>
    <datafield tag="240" ind1="1" ind2="4">
      <subfield code="a">The dead of Jericho</subfield>
      <subfield code="0">http://viaf.org/viaf/861154501892139210006</subfield>
    </datafield>
    <datafield tag="245" ind1="1" ind2="0">
      <subfield code="a">Döden i Jericho</subfield>
      <subfield code="c">Colin Dexter ; översättning av Brita Dahlman</subfield>
    </datafield>
    <datafield tag="250" ind1=" " ind2=" ">
      <subfield code="a">[Ny utg.]</subfield>
    </datafield>
    <datafield tag="260" ind1=" " ind2=" ">
      <subfield code="a">Stockholm</subfield>
      <subfield code="b">PAN/Norstedt</subfield>
      <subfield code="c">1992</subfield>
      <subfield code="e">(Norge)</subfield>
    </datafield>
    <datafield tag="300" ind1=" " ind2=" ">
      <subfield code="a">245, [1] s. ;</subfield>
      <subfield code="c">18 cm</subfield>
    </datafield>
    <datafield tag="336" ind1=" " ind2=" ">
      <subfield code="a">text</subfield>
      <subfield code="b">txt</subfield>
      <subfield code="2">rdacontent</subfield>
      <subfield code="0">http://rdaregistry.info/termList/RDAContentType/1020</subfield>
    </datafield>
    <datafield tag="337" ind1=" " ind2=" ">
      <subfield code="a">unmediated</subfield>
      <subfield code="b">umd</subfield>
      <subfield code="2">rdamedia</subfield>
      <subfield code="0">http://rdaregistry.info/termList/RDAMediaType/1007</subfield>
    </datafield>
    <datafield tag="338" ind1=" " ind2=" ">
      <subfield code="a">volume</subfield>
      <subfield code="b">vol</subfield>
      <subfield code="2">rdacarrier</subfield>
      <subfield code="0">http://rdaregistry.info/termList/RDACarrierType/1049</subfield>
    </datafield>
    <datafield tag="380" ind1=" " ind2=" ">
      <subfield code="a">Roman</subfield>
      <subfield code="0">http://id.loc.gov/authorities/genreForms/gf2015026020</subfield>
      <subfield code="2">LCSH</subfield>
    </datafield>
    <datafield tag="600" ind1="1" ind2="0">
      <subfield code="a">Morse,</subfield>
      <subfield code="c">Inspektør (fiktiv person)</subfield>
      <subfield code="0">http://viaf.org/viaf/313299359</subfield>
    </datafield>
    <datafield tag="655" ind1=" " ind2="4">
      <subfield code="a">Kriminal</subfield>
    </datafield>
    <datafield tag="700" ind1="1" ind2=" ">
      <subfield code="a">Dahlman, Brita</subfield>
      <subfield code="4">trl</subfield>
      <subfield code="0">http://viaf.org/viaf/191354002</subfield>
      <subfield code="d">1911-1989</subfield>
    </datafield>
    <datafield tag="700" ind1="1" ind2=" ">
      <subfield code="a">Dexter, Colin,</subfield>
      <subfield code="d">1930-2017</subfield>
      <subfield code="4">http://rdaregistry.info/Elements/w/P10156</subfield>
      <subfield code="t"> Service of All the Dead</subfield>
      <subfield code="0"> http://viaf.org/viaf/452145424536286830634 </subfield>
    </datafield>
  </record>