
  <record>
    <leader>00957nam a22002770 450 </leader>
    <controlfield tag="001">23219646</controlfield>
    <controlfield tag="005">20100312121609.0</controlfield>
    <controlfield tag="008">000000s2000 dk 00| f dan d</controlfield>
    <datafield tag="020" ind1=" " ind2=" ">
      <subfield code="a">8779550126</subfield>
    </datafield>
    <datafield tag="041" ind1="1" ind2=" ">
      <subfield code="a">dan</subfield>
      <subfield code="h">eng</subfield>
    </datafield>
    <datafield tag="100" ind1="1" ind2=" ">
      <subfield code="a">Dexter, Colin</subfield>
      <subfield code="0">http://viaf.org/viaf/35243485</subfield>
      <subfield code="d">1930-2017</subfield>
      <subfield code="4">aut</subfield>
    </datafield>
    <datafield tag="240" ind1="1" ind2="4">
      <subfield code="a">The remorseful day</subfield>
      <subfield code="0">http://viaf.org/viaf/7200154501919139210004</subfield>
    </datafield>
    <datafield tag="245" ind1="1" ind2="3">
      <subfield code="a">Et kors for Morse</subfield>
      <subfield code="c">Colin Dexter ; på dansk ved Gerd Have.</subfield>
    </datafield>
    <datafield tag="250" ind1=" " ind2=" ">
      <subfield code="a">2. udgave, 1. oplag.</subfield>
    </datafield>
    <datafield tag="260" ind1=" " ind2=" ">
      <subfield code="a">Århus</subfield>
      <subfield code="b">Klim</subfield>
      <subfield code="c">2000</subfield>
    </datafield>
    <datafield tag="300" ind1=" " ind2=" ">
      <subfield code="a">318 s.</subfield>
    </datafield>
    <datafield tag="336" ind1=" " ind2=" ">
      <subfield code="a">text</subfield>
      <subfield code="b">txt</subfield>
      <subfield code="2">rdacontent</subfield>
      <subfield code="0">http://rdaregistry.info/termList/RDAContentType/1020</subfield>
    </datafield>
    <datafield tag="337" ind1=" " ind2=" ">
      <subfield code="a">unmediated</subfield>
      <subfield code="b">umd</subfield>
      <subfield code="2">rdamedia</subfield>
      <subfield code="0">http://rdaregistry.info/termList/RDAMediaType/1007</subfield>
    </datafield>
    <datafield tag="338" ind1=" " ind2=" ">
      <subfield code="a">volume</subfield>
      <subfield code="b">vol</subfield>
      <subfield code="2">rdacarrier</subfield>
      <subfield code="0">http://rdaregistry.info/termList/RDACarrierType/1049</subfield>
    </datafield>
    <datafield tag="380" ind1=" " ind2=" ">
      <subfield code="a">Roman</subfield>
      <subfield code="0">http://id.loc.gov/authorities/genreForms/gf2015026020</subfield>
      <subfield code="2">LCSH</subfield>
    </datafield>
    <datafield tag="600" ind1="1" ind2="0">
      <subfield code="a">Morse,</subfield>
      <subfield code="c">Inspektør (fiktiv person)</subfield>
      <subfield code="0">http://viaf.org/viaf/313299359</subfield>
    </datafield>
    <datafield tag="655" ind1=" " ind2="4">
      <subfield code="a">Kriminal</subfield>
    </datafield>
    <datafield tag="700" ind1="1" ind2=" ">
      <subfield code="a">Dexter, Colin,</subfield>
      <subfield code="d">1930-2017</subfield>
      <subfield code="4">http://rdaregistry.info/Elements/w/P10156</subfield>
      <subfield code="t">Death is now my neighbour </subfield>
      <subfield code="0">http://viaf.org/viaf/177103862</subfield>
    </datafield>
  </record>