
  <record>
    <leader>01385cam a2200385 c 4500</leader>
    <controlfield tag="001">991110243664702201</controlfield>
    <controlfield tag="005">20160622155532.0</controlfield>
    <controlfield tag="007">ta</controlfield>
    <controlfield tag="008">120220s2011 no#|||||||||||000|f|nob|</controlfield>
    <datafield tag="020" ind1=" " ind2=" ">
      <subfield code="a">9788241906688</subfield>
    </datafield>
    <datafield tag="035" ind1=" " ind2=" ">
      <subfield code="a">111024366-47bibsys_network</subfield>
    </datafield>
    <datafield tag="035" ind1=" " ind2=" ">
      <subfield code="a">(NO-TrBIB)111024366</subfield>
    </datafield>
    <datafield tag="035" ind1=" " ind2=" ">
      <subfield code="a">(NO-OsBA)0266339</subfield>
    </datafield>
    <datafield tag="041" ind1="1" ind2=" ">
      <subfield code="h">eng</subfield>
      <subfield code="a">nob</subfield>
    </datafield>
    <datafield tag="082" ind1="7" ind2="4">
      <subfield code="a">823</subfield>
      <subfield code="q">NO-OsNB</subfield>
      <subfield code="2">5/nor</subfield>
    </datafield>
    <datafield tag="100" ind1="1" ind2=" ">
      <subfield code="a">Dexter, Colin</subfield>
      <subfield code="0">http://viaf.org/viaf/35243485</subfield>
      <subfield code="d">1930-2017</subfield>
      <subfield code="4">aut</subfield>
    </datafield>
    <datafield tag="240" ind1="1" ind2="4">
      <subfield code="a">The remorseful day</subfield>
      <subfield code="0">http://viaf.org/viaf/7200154501919139210004</subfield>
    </datafield>
    <datafield tag="245" ind1="1" ind2="0">
      <subfield code="a">Oppgjørets time :</subfield>
      <subfield code="b">en sak for inspektør Morse</subfield>
      <subfield code="c">Colin Dexter ; oversatt av Kurt Hanssen</subfield>
    </datafield>
    <datafield tag="260" ind1=" " ind2=" ">
      <subfield code="a">Bergen</subfield>
      <subfield code="b">Vigmostad Bjørke</subfield>
      <subfield code="c">2011</subfield>
    </datafield>
    <datafield tag="300" ind1=" " ind2=" ">
      <subfield code="a">425 s.</subfield>
    </datafield>
    <datafield tag="336" ind1=" " ind2=" ">
      <subfield code="a">text</subfield>
      <subfield code="b">txt</subfield>
      <subfield code="2">rdacontent</subfield>
      <subfield code="0">http://rdaregistry.info/termList/RDAContentType/1020</subfield>
    </datafield>
    <datafield tag="337" ind1=" " ind2=" ">
      <subfield code="a">unmediated</subfield>
      <subfield code="b">umd</subfield>
      <subfield code="2">rdamedia</subfield>
      <subfield code="0">http://rdaregistry.info/termList/RDAMediaType/1007</subfield>
    </datafield>
    <datafield tag="338" ind1=" " ind2=" ">
      <subfield code="a">volume</subfield>
      <subfield code="b">vol</subfield>
      <subfield code="2">rdacarrier</subfield>
      <subfield code="0">http://rdaregistry.info/termList/RDACarrierType/1049</subfield>
    </datafield>
    <datafield tag="380" ind1=" " ind2=" ">
      <subfield code="a">Roman</subfield>
      <subfield code="0">http://id.loc.gov/authorities/genreForms/gf2015026020</subfield>
      <subfield code="2">LCSH</subfield>
    </datafield>
    <datafield tag="600" ind1="1" ind2="0">
      <subfield code="a">Morse,</subfield>
      <subfield code="c">Inspektør (fiktiv person)</subfield>
      <subfield code="0">http://viaf.org/viaf/313299359</subfield>
    </datafield>
    <datafield tag="655" ind1=" " ind2="4">
      <subfield code="a">Kriminal</subfield>
    </datafield>
    <datafield tag="700" ind1="1" ind2=" ">
      <subfield code="a">Hanssen, Kurt</subfield>
      <subfield code="4">trl</subfield>
      <subfield code="0">http://viaf.org/viaf/221305087</subfield>
      <subfield code="d">1959-</subfield>
    </datafield>
    <datafield tag="700" ind1="1" ind2=" ">
      <subfield code="a">Dexter, Colin,</subfield>
      <subfield code="d">1930-2017</subfield>
      <subfield code="4">http://rdaregistry.info/Elements/w/P10156</subfield>
      <subfield code="t">Death is now my neighbour </subfield>
      <subfield code="0">http://viaf.org/viaf/177103862</subfield>
    </datafield>
  </record>