
  <record>
    <leader>02038cim a22004937a 4500</leader>
    <controlfield tag="001">11515842</controlfield>
    <controlfield tag="003">LIBRIS</controlfield>
    <controlfield tag="005">20170512103043.0</controlfield>
    <controlfield tag="007">sd||||||||||||</controlfield>
    <controlfield tag="008">090727s2005 sw nnnne ||||||f n swe c</controlfield>
    <datafield tag="024" ind1="7" ind2=" ">
      <subfield code="a">C46803</subfield>
      <subfield code="2">MTM medienummer</subfield>
    </datafield>
    <datafield tag="035" ind1=" " ind2=" ">
      <subfield code="a">(MTM)C46803</subfield>
    </datafield>
    <datafield tag="035" ind1=" " ind2=" ">
      <subfield code="5">Mo</subfield>
      <subfield code="a">(Mo)b1545104</subfield>
    </datafield>
    <datafield tag="035" ind1=" " ind2=" ">
      <subfield code="5">Mtm</subfield>
      <subfield code="a">(MTM)C46803</subfield>
    </datafield>
    <datafield tag="041" ind1="1" ind2=" ">
      <subfield code="d">swe</subfield>
      <subfield code="h">eng</subfield>
    </datafield>
    <datafield tag="082" ind1="0" ind2="4">
      <subfield code="a">839.78</subfield>
      <subfield code="2">22 (machine generated)</subfield>
    </datafield>
    <datafield tag="100" ind1="1" ind2=" ">
      <subfield code="a">Dexter, Colin</subfield>
      <subfield code="0">http://viaf.org/viaf/35243485</subfield>
      <subfield code="d">1930-2017</subfield>
      <subfield code="4">aut</subfield>
    </datafield>
    <datafield tag="240" ind1="1" ind2="4">
      <subfield code="a">The riddle of the third mile</subfield>
      <subfield code="0">http://viaf.org/viaf/309258406</subfield>
    </datafield>
    <datafield tag="245" ind1="1" ind2="4">
      <subfield code="a">Den tredje milens gåta</subfield>
      <subfield code="h">[Lydopptak] :</subfield>
      <subfield code="c">Colin Dexter ; översättning av Anders Lindqvist</subfield>
    </datafield>
    <datafield tag="260" ind1=" " ind2=" ">
      <subfield code="a">Lund</subfield>
      <subfield code="b">Btj</subfield>
      <subfield code="c">2005</subfield>
    </datafield>
    <datafield tag="300" ind1=" " ind2=" ">
      <subfield code="a">1 CD-R (7 tim., 45 min.) :</subfield>
      <subfield code="b">mono</subfield>
    </datafield>
    <datafield tag="336" ind1=" " ind2=" ">
      <subfield code="a">spoken word</subfield>
      <subfield code="b">spw</subfield>
      <subfield code="2">rdacontent</subfield>
      <subfield code="0">http://rdaregistry.info/termList/RDAContentType/1013</subfield>
    </datafield>
    <datafield tag="337" ind1=" " ind2=" ">
      <subfield code="a">audio</subfield>
      <subfield code="b">a</subfield>
      <subfield code="2">rdamedia</subfield>
      <subfield code="0">http://rdaregistry.info/termList/RDAMediaType/1001</subfield>
    </datafield>
    <datafield tag="338" ind1=" " ind2=" ">
      <subfield code="a">audio disc</subfield>
      <subfield code="b">ad</subfield>
      <subfield code="2">rdacarrier</subfield>
      <subfield code="0">http://rdaregistry.info/termList/RDACarrierType/1004</subfield>
    </datafield>
    <datafield tag="380" ind1=" " ind2=" ">
      <subfield code="a">Roman</subfield>
      <subfield code="0">http://id.loc.gov/authorities/genreForms/gf2015026020</subfield>
      <subfield code="2">LCSH</subfield>
    </datafield>
    <datafield tag="600" ind1="1" ind2="0">
      <subfield code="a">Morse,</subfield>
      <subfield code="c">Inspektør (fiktiv person)</subfield>
      <subfield code="0">http://viaf.org/viaf/313299359</subfield>
    </datafield>
    <datafield tag="655" ind1=" " ind2="4">
      <subfield code="a">DAISY</subfield>
    </datafield>
    <datafield tag="655" ind1=" " ind2="4">
      <subfield code="a">Kriminal</subfield>
    </datafield>
    <datafield tag="700" ind1="1" ind2=" ">
      <subfield code="a">Söderling, Kerstin</subfield>
      <subfield code="4">nrt</subfield>
    </datafield>
    <datafield tag="700" ind1="1" ind2=" ">
      <subfield code="a">Dexter, Colin,</subfield>
      <subfield code="d">1930-2017</subfield>
      <subfield code="4">http://rdaregistry.info/Elements/w/P10156</subfield>
      <subfield code="t">The Dead of Jericho</subfield>
      <subfield code="0">http://viaf.org/viaf/861154501892139210006</subfield>
    </datafield>
  </record>