
  <record>
    <leader>01259cim a22003978i 4500</leader>
    <controlfield tag="001">18356849</controlfield>
    <controlfield tag="003">LIBRIS</controlfield>
    <controlfield tag="005">20170516085402.0</controlfield>
    <controlfield tag="007">su|||||||||||</controlfield>
    <controlfield tag="007">cr|||||||||||||</controlfield>
    <controlfield tag="008">150904s2015 sw |||| o|||||||| f swe d</controlfield>
    <datafield tag="020" ind1=" " ind2=" ">
      <subfield code="a">9789176511367</subfield>
      <subfield code="q">MP3 format</subfield>
    </datafield>
    <datafield tag="035" ind1=" " ind2=" ">
      <subfield code="a">(BOKR)9789176511367</subfield>
    </datafield>
    <datafield tag="041" ind1="1" ind2=" ">
      <subfield code="d">swe</subfield>
      <subfield code="h">eng</subfield>
    </datafield>
    <datafield tag="100" ind1="1" ind2=" ">
      <subfield code="a">Dexter, Colin</subfield>
      <subfield code="0">http://viaf.org/viaf/35243485</subfield>
      <subfield code="d">1930-2017</subfield>
      <subfield code="4">aut</subfield>
    </datafield>
    <datafield tag="240" ind1="1" ind2="4">
      <subfield code="a">The secret of Annexe 3</subfield>
      <subfield code="0">http://viaf.org/viaf/309315023</subfield>
    </datafield>
    <datafield tag="245" ind1="1" ind2="0">
      <subfield code="a">Mysteriet i Annex 3</subfield>
    </datafield>
    <datafield tag="260" ind1=" " ind2="1">
      <subfield code="b">Bonnier Audio</subfield>
      <subfield code="c">2015</subfield>
    </datafield>
    <datafield tag="300" ind1=" " ind2=" ">
      <subfield code="a">8 tim.</subfield>
    </datafield>
    <datafield tag="336" ind1=" " ind2=" ">
      <subfield code="a">spoken word</subfield>
      <subfield code="b">spw</subfield>
      <subfield code="2">rdacontent</subfield>
      <subfield code="0">http://rdaregistry.info/termList/RDAContentType/1013</subfield>
    </datafield>
    <datafield tag="337" ind1=" " ind2=" ">
      <subfield code="a">audio</subfield>
      <subfield code="b">a</subfield>
      <subfield code="2">rdamedia</subfield>
      <subfield code="0">http://rdaregistry.info/termList/RDAMediaType/1001</subfield>
    </datafield>
    <datafield tag="338" ind1=" " ind2=" ">
      <subfield code="a">audio disc</subfield>
      <subfield code="b">ad</subfield>
      <subfield code="2">rdacarrier</subfield>
      <subfield code="0">http://rdaregistry.info/termList/RDACarrierType/1004</subfield>
    </datafield>
    <datafield tag="380" ind1=" " ind2=" ">
      <subfield code="a">Roman</subfield>
      <subfield code="0">http://id.loc.gov/authorities/genreForms/gf2015026020</subfield>
      <subfield code="2">LCSH</subfield>
    </datafield>
    <datafield tag="600" ind1="1" ind2="0">
      <subfield code="a">Morse,</subfield>
      <subfield code="c">Inspektør (fiktiv person)</subfield>
      <subfield code="0">http://viaf.org/viaf/313299359</subfield>
    </datafield>
    <datafield tag="655" ind1=" " ind2="4">
      <subfield code="a">Kriminal</subfield>
    </datafield>
    <datafield tag="700" ind1="1" ind2=" ">
      <subfield code="a">Stålmarck, Ylva</subfield>
      <subfield code="d">1964-</subfield>
      <subfield code="4">trl</subfield>
      <subfield code="0">http://viaf.org/viaf/98610045</subfield>
    </datafield>
    <datafield tag="700" ind1="1" ind2=" ">
      <subfield code="a">Bolme, Tomas</subfield>
      <subfield code="d">1945-</subfield>
      <subfield code="4">nrt</subfield>
      <subfield code="0">http://viaf.org/viaf/315947144</subfield>
    </datafield>
    <datafield tag="700" ind1="1" ind2=" ">
      <subfield code="a">Dexter, Colin,</subfield>
      <subfield code="d">1930-2017</subfield>
      <subfield code="4">http://rdaregistry.info/Elements/w/P10156</subfield>
      <subfield code="t">The Riddle of the Third Mile</subfield>
      <subfield code="0">http://viaf.org/viaf/309258406</subfield>
    </datafield>
  </record>