
  <record>
    <leader>00958cam a2200253u  4500</leader>
    <controlfield tag="001">9041794</controlfield>
    <controlfield tag="005">20130208143534.0</controlfield>
    <controlfield tag="008">860714n        xx            000 0 eng  </controlfield>
    <datafield tag="035" ind1=" " ind2=" ">
      <subfield code="9">(DLC)   77740346</subfield>
    </datafield>
    <datafield tag="245" ind1="0" ind2="4">
      <subfield code="a">The Best of the Sherlock Holmes radio series.</subfield>
      <subfield code="b">[Sound recording]</subfield>
    </datafield>
    <datafield tag="260" ind1=" " ind2=" ">
      <subfield code="a">[n.p.]</subfield>
      <subfield code="b">Biograph Records BLP-2002. p1977.</subfield>
    </datafield>
    <datafield tag="300" ind1=" " ind2=" ">
      <subfield code="a">s. 1 disc. 33 1/3 rpm. 12 in.</subfield>
    </datafield>
    <datafield tag="336" ind1=" " ind2=" ">
      <subfield code="a">spoken word</subfield>
      <subfield code="b">spw</subfield>
      <subfield code="2">rdacontent</subfield>
      <subfield code="0">http://rdaregistry.info/termList/RDAContentType/1013</subfield>
    </datafield>
    <datafield tag="337" ind1=" " ind2=" ">
      <subfield code="a">audio</subfield>
      <subfield code="b">a</subfield>
      <subfield code="2">rdamedia</subfield>
      <subfield code="0">http://rdaregistry.info/termList/RDAMediaType/1001</subfield>
    </datafield>
    <datafield tag="338" ind1=" " ind2=" ">
      <subfield code="a">audio disc</subfield>
      <subfield code="b">ad</subfield>
      <subfield code="2">rdacarrier</subfield>
      <subfield code="0">http://rdaregistry.info/termList/RDACarrierType/1004</subfield>
    </datafield>
    <datafield tag="380" ind1=" " ind2=" ">
      <subfield code="a">Radio program</subfield>
      <subfield code="0">http://id.loc.gov/authorities/genreForms/gf2011026506</subfield>
      <subfield code="2">LCSH</subfield>
    </datafield>
    <datafield tag="505" ind1="0" ind2=" ">
      <subfield code="a">The blue carbuncle.--The Yatsley case.</subfield>
    </datafield>
    <datafield tag="600" ind1="1" ind2="0">
      <subfield code="a">Holmes, Sherlock</subfield>
      <subfield code="0">http://viaf.org/viaf/173636607</subfield>
      <subfield code="4">dpc</subfield>
      <subfield code="c">(Fiksjonell karakter)</subfield>
      <subfield code="v">Skjønnlitteratur.</subfield>
    </datafield>
    <datafield tag="650" ind1=" " ind2="0">
      <subfield code="a">Detektiver</subfield>
    </datafield>
    <datafield tag="650" ind1=" " ind2="0">
      <subfield code="a">Privatetterforskere</subfield>
    </datafield>
    <datafield tag="655" ind1=" " ind2="4">
      <subfield code="a">Kriminal</subfield>
    </datafield>
    <datafield tag="700" ind1="1" ind2=" ">
      <subfield code="a">Gielgud, John</subfield>
      <subfield code="0">http://viaf.org/viaf/12491400</subfield>
      <subfield code="4">prf</subfield>
      <subfield code="d">1904-2000.</subfield>
    </datafield>
    <datafield tag="700" ind1="1" ind2=" ">
      <subfield code="a">Richardson, Ralph</subfield>
      <subfield code="0">http://viaf.org/viaf/76516215</subfield>
      <subfield code="4">prf</subfield>
      <subfield code="c">Sir,</subfield>
      <subfield code="d">1902-1983.</subfield>
    </datafield>
    <datafield tag="700" ind1="1" ind2=" ">
      <subfield code="a">Doyle, Arthur Conan</subfield>
      <subfield code="0">http://viaf.org/viaf/179264439</subfield>
      <subfield code="4">http://rdaregistry.info/Elements/w/adaptationOfWork.en</subfield>
      <subfield code="i">Adaptation of work</subfield>
      <subfield code="d">1859-1930</subfield>
      <subfield code="t">Adventure of the blue carbuncle.</subfield>
    </datafield>
  </record>