
  <record>
    <leader>01594cam a22002893a 4500</leader>
    <controlfield tag="001">16415194</controlfield>
    <controlfield tag="005">20130208145316.0</controlfield>
    <controlfield tag="008">850416s1985    onc           000 1 eng d</controlfield>
    <datafield tag="020" ind1=" " ind2=" ">
      <subfield code="a">0553249967 </subfield>
    </datafield>
    <datafield tag="035" ind1=" " ind2=" ">
      <subfield code="a">(OCoLC)ocm11927301</subfield>
    </datafield>
    <datafield tag="100" ind1="1" ind2=" ">
      <subfield code="a">Doyle, Arthur Conan</subfield>
      <subfield code="0">http://viaf.org/viaf/65283845</subfield>
      <subfield code="4">aut</subfield>
      <subfield code="d">1859-1930</subfield>
    </datafield>
    <datafield tag="245" ind1="1" ind2="4">
      <subfield code="a">The Adventures of Sherlock Holmes </subfield>
      <subfield code="c">by Sir Arthur Conan Doyle ; with an introduction by Jacques Barzun.</subfield>
    </datafield>
    <datafield tag="260" ind1=" " ind2=" ">
      <subfield code="a">Toronto ;</subfield>
      <subfield code="a">New York :</subfield>
      <subfield code="b">Bantam Books,</subfield>
      <subfield code="c">1985.</subfield>
    </datafield>
    <datafield tag="300" ind1=" " ind2=" ">
      <subfield code="a">xix, 266 s. ;</subfield>
      <subfield code="c">18 cm.</subfield>
    </datafield>
    <datafield tag="336" ind1=" " ind2=" ">
      <subfield code="a">text</subfield>
      <subfield code="b">txt</subfield>
      <subfield code="2">rdacontent</subfield>
      <subfield code="0">http://rdaregistry.info/termList/RDAContentType/1020</subfield>
    </datafield>
    <datafield tag="337" ind1=" " ind2=" ">
      <subfield code="a">unmediated</subfield>
      <subfield code="b">umd</subfield>
      <subfield code="2">rdamedia</subfield>
      <subfield code="0">http://rdaregistry.info/termList/RDAMediaType/1007</subfield>
    </datafield>
    <datafield tag="338" ind1=" " ind2=" ">
      <subfield code="a">volume</subfield>
      <subfield code="b">vol</subfield>
      <subfield code="2">rdacarrier</subfield>
      <subfield code="0">http://rdaregistry.info/termList/RDACarrierType/1049</subfield>
    </datafield>
    <datafield tag="380" ind1=" " ind2=" ">
      <subfield code="a">Novelle</subfield>
      <subfield code="0">http://id.loc.gov/authorities/genreForms/gf2014026542.html</subfield>
      <subfield code="2">LCSH</subfield>
    </datafield>
    <datafield tag="505" ind1="0" ind2=" ">
      <subfield code="a">The Resident patient -- A Scandal in Bohemia -- The Adventure of the blue carbuncle -- The Adventure of the speckled band -- The Adventure of the dancing men -- The Greek interpreter -- The Adventure of the Norwood builder -- The Naval treaty -- The Red-headed league -- The Crooked man -- The Adventure of the solitary cyclist -- The Adventure of the copper beeches -- The final problem.</subfield>
    </datafield>
    <datafield tag="600" ind1="1" ind2="0">
      <subfield code="a">Holmes, Sherlock</subfield>
      <subfield code="0">http://viaf.org/viaf/173636607</subfield>
      <subfield code="4">dpc</subfield>
      <subfield code="c">(Fiksjonell karakter)</subfield>
      <subfield code="v">Skjønnlitteratur.</subfield>
    </datafield>
    <datafield tag="650" ind1=" " ind2="0">
      <subfield code="a">Detektiver</subfield>
    </datafield>
    <datafield tag="650" ind1=" " ind2="0">
      <subfield code="a">Privatetterforskere</subfield>
    </datafield>
    <datafield tag="655" ind1=" " ind2="4">
      <subfield code="a">Kriminal</subfield>
    </datafield>
    <datafield tag="700" ind1="1" ind2=" ">
      <subfield code="a">Barzun, Jacques</subfield>
      <subfield code="0">http://viaf.org/viaf/51703034</subfield>
      <subfield code="4">aui</subfield>
      <subfield code="d">1907-2012.</subfield>
    </datafield>
    <datafield tag="700" ind1="1" ind2="2">
      <subfield code="a">Doyle, Arthur Conan</subfield>
      <subfield code="0">http://viaf.org/viaf/184459180</subfield>
      <subfield code="d">1859-1930</subfield>
      <subfield code="t">Scandal in bohemia.</subfield>
    </datafield>
    <datafield tag="700" ind1="1" ind2="2">
      <subfield code="a">Doyle, Arthur Conan</subfield>
      <subfield code="0">http://viaf.org/viaf/179264439</subfield>
      <subfield code="d">1859-1930</subfield>
      <subfield code="t">Adventure of the blue carbuncle.</subfield>
    </datafield>
    <datafield tag="700" ind1="1" ind2="2">
      <subfield code="a">Doyle, Arthur Conan</subfield>
      <subfield code="0">http://viaf.org/viaf/49144898528650290310</subfield>
      <subfield code="d">1859-1930</subfield>
      <subfield code="t">The Red-headed league.</subfield>
    </datafield>
    <datafield tag="700" ind1="1" ind2="2">
      <subfield code="a">Doyle, Arthur Conan</subfield>
      <subfield code="0">http://viaf.org/viaf/6401155226720784490003</subfield>
      <subfield code="d">1859-1930</subfield>
      <subfield code="t">A case of identity.</subfield>
    </datafield>
    <datafield tag="700" ind1="1" ind2="2">
      <subfield code="a">Doyle, Arthur Conan</subfield>
      <subfield code="0">http://viaf.org/viaf/181222261</subfield>
      <subfield code="d">1859-1930</subfield>
      <subfield code="t">The Boscombe valley mystery.</subfield>
    </datafield>
    <datafield tag="700" ind1="1" ind2="2">
      <subfield code="a">Doyle, Arthur Conan</subfield>
      <subfield code="0">http://viaf.org/viaf/180691885</subfield>
      <subfield code="d">1859-1930</subfield>
      <subfield code="t">The five orange pips.</subfield>
    </datafield>
    <datafield tag="700" ind1="1" ind2="2">
      <subfield code="a">Doyle, Arthur Conan</subfield>
      <subfield code="0">http://viaf.org/viaf/1260145424584386830988</subfield>
      <subfield code="d">1859-1930</subfield>
      <subfield code="t">The man with the twisted lip.</subfield>
    </datafield>
    <datafield tag="700" ind1="1" ind2="2">
      <subfield code="a">Doyle, Arthur Conan</subfield>
      <subfield code="0">http://viaf.org/viaf/181846531</subfield>
      <subfield code="d">1859-1930</subfield>
      <subfield code="t">The adventure of the Speckled band.</subfield>
    </datafield>
    <datafield tag="700" ind1="1" ind2="2">
      <subfield code="a">Doyle, Arthur Conan</subfield>
      <subfield code="0">http://viaf.org/viaf/176034931</subfield>
      <subfield code="d">1859-1930</subfield>
      <subfield code="t">The adventure of the engineer's thumb.</subfield>
    </datafield>
    <datafield tag="700" ind1="1" ind2="2">
      <subfield code="a">Doyle, Arthur Conan</subfield>
      <subfield code="0">http://viaf.org/viaf/3283155226707084490002</subfield>
      <subfield code="d">1859-1930</subfield>
      <subfield code="t">The adventure of the noble bachelor.</subfield>
    </datafield>
    <datafield tag="700" ind1="1" ind2="2">
      <subfield code="a">Doyle, Arthur Conan</subfield>
      <subfield code="0">http://viaf.org/viaf/176842642</subfield>
      <subfield code="d">1859-1930</subfield>
      <subfield code="t">The adventure of the Beryl coronet.</subfield>
    </datafield>
    <datafield tag="700" ind1="1" ind2="2">
      <subfield code="a">Doyle, Arthur Conan</subfield>
      <subfield code="0">http://viaf.org/viaf/180007173</subfield>
      <subfield code="d">1859-1930</subfield>
      <subfield code="t">The adventure of the copper beeches.</subfield>
    </datafield>
  </record>