
  <record>
    <leader>02860cam a2200505 a 4500</leader>
    <controlfield tag="001">6958583</controlfield>
    <controlfield tag="005">20151214134122.0</controlfield>
    <controlfield tag="008">751008s1950    nyua          000 1 eng  </controlfield>
    <datafield tag="035" ind1=" " ind2=" ">
      <subfield code="9">(DLC)   50014604</subfield>
    </datafield>
    <datafield tag="082" ind1=" " ind2=" ">
      <subfield code="a">823.91</subfield>
    </datafield>
    <datafield tag="100" ind1="1" ind2=" ">
      <subfield code="a">Doyle, Arthur Conan</subfield>
      <subfield code="0">http://viaf.org/viaf/65283845</subfield>
      <subfield code="4">aut</subfield>
      <subfield code="d">1859-1930</subfield>
    </datafield>
    <datafield tag="245" ind1="1" ind2="4">
      <subfield code="a">The adventures of Sherlock Holmes </subfield>
      <subfield code="c">Sir Arthur Conan Doyle ; a definitive text corrected and edited by Edgar W. Smith ; with an introduction by Vincent Starrett and illustrated with a selective collation of the original illustrations by Frederic Dorr Steele, Sidney Paget and others.</subfield>
    </datafield>
    <datafield tag="240" ind1="1" ind2="8">
      <subfield code="a">Sherlock Holmes</subfield>
      <subfield code="0">http://viaf.org/viaf/174141344</subfield>
    </datafield>
    <datafield tag="260" ind1=" " ind2=" ">
      <subfield code="a">New York :</subfield>
      <subfield code="b">Limited Editions Club,</subfield>
      <subfield code="c">1950.</subfield>
    </datafield>
    <datafield tag="300" ind1=" " ind2=" ">
      <subfield code="a">3 v. (xxviii, 764 s.) :</subfield>
      <subfield code="b">ill. ;</subfield>
      <subfield code="c">24 cm.</subfield>
    </datafield>
    <datafield tag="336" ind1=" " ind2=" ">
      <subfield code="a">text</subfield>
      <subfield code="b">txt</subfield>
      <subfield code="2">rdacontent</subfield>
      <subfield code="0">http://rdaregistry.info/termList/RDAContentType/1020</subfield>
    </datafield>
    <datafield tag="337" ind1=" " ind2=" ">
      <subfield code="a">unmediated</subfield>
      <subfield code="b">umd</subfield>
      <subfield code="2">rdamedia</subfield>
      <subfield code="0">http://rdaregistry.info/termList/RDAMediaType/1007</subfield>
    </datafield>
    <datafield tag="338" ind1=" " ind2=" ">
      <subfield code="a">volume</subfield>
      <subfield code="b">vol</subfield>
      <subfield code="2">rdacarrier</subfield>
      <subfield code="0">http://rdaregistry.info/termList/RDACarrierType/1049</subfield>
    </datafield>
    <datafield tag="380" ind1=" " ind2=" ">
      <subfield code="a">Novelle</subfield>
      <subfield code="0">http://id.loc.gov/authorities/genreForms/gf2014026542.html</subfield>
      <subfield code="2">LCSH</subfield>
    </datafield>
    <datafield tag="505" ind1="0" ind2=" ">
      <subfield code="a">Vol. 1. A study in scarlet. The sign of the four -- v. 2. The adventures of Sherlock Holmes -- v. 3. The memoirs of Sherlock Holmes.</subfield>
    </datafield>
    <datafield tag="600" ind1="1" ind2="0">
      <subfield code="a">Holmes, Sherlock</subfield>
      <subfield code="0">http://viaf.org/viaf/173636607</subfield>
      <subfield code="4">dpc</subfield>
      <subfield code="c">(Fiksjonell karakter)</subfield>
      <subfield code="v">Skjønnlitteratur.</subfield>
    </datafield>
    <datafield tag="650" ind1=" " ind2="0">
      <subfield code="a">Detektiver</subfield>
    </datafield>
    <datafield tag="650" ind1=" " ind2="0">
      <subfield code="a">Privatetterforskere</subfield>
    </datafield>
    <datafield tag="655" ind1=" " ind2="4">
      <subfield code="a">Kriminal</subfield>
    </datafield>
    <datafield tag="700" ind1="1" ind2=" ">
      <subfield code="a">Starrett, Vincent</subfield>
      <subfield code="0">http://viaf.org/viaf/45476206</subfield>
      <subfield code="4">aui</subfield>
      <subfield code="d">1886-1974.</subfield>
    </datafield>
    <datafield tag="700" ind1="1" ind2=" ">
      <subfield code="a">Smith, Edgar Wadsworth</subfield>
      <subfield code="4">edt</subfield>
      <subfield code="0">http://viaf.org/viaf/9039695</subfield>
      <subfield code="d">1894-1960.</subfield>
    </datafield>
    <datafield tag="700" ind1="1" ind2=" ">
      <subfield code="a">Steele, Frederic Dorr</subfield>
      <subfield code="0">http://viaf.org/viaf/36023243</subfield>
      <subfield code="4">ill</subfield>
      <subfield code="d">1873-1944,</subfield>
      <subfield code="e">illustr.</subfield>
    </datafield>
    <datafield tag="700" ind1="1" ind2=" ">
      <subfield code="a">Paget, Sidney</subfield>
      <subfield code="0">http://viaf.org/viaf/2555146</subfield>
      <subfield code="4">ill</subfield>
      <subfield code="d">1860-1908,</subfield>
      <subfield code="e">illustr.</subfield>
    </datafield>
    <datafield tag="700" ind1="1" ind2=" ">
      <subfield code="a">Dwiggins, W. A.</subfield>
      <subfield code="0">http://viaf.org/viaf/33165024</subfield>
      <subfield code="4">ill</subfield>
      <subfield code="q">(William Addison),</subfield>
      <subfield code="d">1880-1956,</subfield>
      <subfield code="e">illustr.</subfield>
    </datafield>
    <datafield tag="700" ind1="1" ind2=" ">
      <subfield code="a">Beilenson, Peter</subfield>
      <subfield code="0">http://viaf.org/viaf/75150766</subfield>
      <subfield code="4">pbl</subfield>
      <subfield code="d">1905-1962,</subfield>
      <subfield code="e">utg.</subfield>
    </datafield>
    <datafield tag="700" ind1="1" ind2="2">
      <subfield code="a">Doyle, Arthur Conan</subfield>
      <subfield code="0">http://viaf.org/viaf/179061639</subfield>
      <subfield code="d">1859-1930</subfield>
      <subfield code="t">Study in scarlet.</subfield>
    </datafield>
    <datafield tag="700" ind1="1" ind2="2">
      <subfield code="a">Doyle, Arthur Conan</subfield>
      <subfield code="0">http://viaf.org/viaf/184892317</subfield>
      <subfield code="d">1859-1930</subfield>
      <subfield code="t">Sign of four.</subfield>
    </datafield>
    <datafield tag="700" ind1="1" ind2="2">
      <subfield code="a">Doyle, Arthur Conan</subfield>
      <subfield code="0">http://viaf.org/viaf/184459180</subfield>
      <subfield code="d">1859-1930</subfield>
      <subfield code="t">Scandal in bohemia.</subfield>
    </datafield>
    <datafield tag="700" ind1="1" ind2="2">
      <subfield code="a">Doyle, Arthur Conan</subfield>
      <subfield code="0">http://viaf.org/viaf/179264439</subfield>
      <subfield code="d">1859-1930</subfield>
      <subfield code="t">Adventure of the blue carbuncle.</subfield>
    </datafield>
    <datafield tag="700" ind1="1" ind2="2">
      <subfield code="a">Doyle, Arthur Conan</subfield>
      <subfield code="0">http://viaf.org/viaf/49144898528650290310</subfield>
      <subfield code="d">1859-1930</subfield>
      <subfield code="t">The Red-headed league.</subfield>
    </datafield>
    <datafield tag="700" ind1="1" ind2="2">
      <subfield code="a">Doyle, Arthur Conan</subfield>
      <subfield code="0">http://viaf.org/viaf/6401155226720784490003</subfield>
      <subfield code="d">1859-1930</subfield>
      <subfield code="t">A case of identity.</subfield>
    </datafield>
    <datafield tag="700" ind1="1" ind2="2">
      <subfield code="a">Doyle, Arthur Conan</subfield>
      <subfield code="0">http://viaf.org/viaf/181222261</subfield>
      <subfield code="d">1859-1930</subfield>
      <subfield code="t">The Boscombe valley mystery.</subfield>
    </datafield>
    <datafield tag="700" ind1="1" ind2="2">
      <subfield code="a">Doyle, Arthur Conan</subfield>
      <subfield code="0">http://viaf.org/viaf/180691885</subfield>
      <subfield code="d">1859-1930</subfield>
      <subfield code="t">The five orange pips.</subfield>
    </datafield>
    <datafield tag="700" ind1="1" ind2="2">
      <subfield code="a">Doyle, Arthur Conan</subfield>
      <subfield code="0">http://viaf.org/viaf/1260145424584386830988</subfield>
      <subfield code="d">1859-1930</subfield>
      <subfield code="t">The man with the twisted lip.</subfield>
    </datafield>
    <datafield tag="700" ind1="1" ind2="2">
      <subfield code="a">Doyle, Arthur Conan</subfield>
      <subfield code="0">http://viaf.org/viaf/181846531</subfield>
      <subfield code="d">1859-1930</subfield>
      <subfield code="t">The adventure of the Speckled band.</subfield>
    </datafield>
    <datafield tag="700" ind1="1" ind2="2">
      <subfield code="a">Doyle, Arthur Conan</subfield>
      <subfield code="0">http://viaf.org/viaf/176034931</subfield>
      <subfield code="d">1859-1930</subfield>
      <subfield code="t">The adventure of the engineer's thumb.</subfield>
    </datafield>
    <datafield tag="700" ind1="1" ind2="2">
      <subfield code="a">Doyle, Arthur Conan</subfield>
      <subfield code="0">http://viaf.org/viaf/3283155226707084490002</subfield>
      <subfield code="d">1859-1930</subfield>
      <subfield code="t">The adventure of the noble bachelor.</subfield>
    </datafield>
    <datafield tag="700" ind1="1" ind2="2">
      <subfield code="a">Doyle, Arthur Conan</subfield>
      <subfield code="0">http://viaf.org/viaf/176842642</subfield>
      <subfield code="d">1859-1930</subfield>
      <subfield code="t">The adventure of the Beryl coronet.</subfield>
    </datafield>
    <datafield tag="700" ind1="1" ind2="2">
      <subfield code="a">Doyle, Arthur Conan</subfield>
      <subfield code="0">http://viaf.org/viaf/180007173</subfield>
      <subfield code="d">1859-1930</subfield>
      <subfield code="t">The adventure of the copper beeches.</subfield>
    </datafield>
  </record>