
  <record>
    <leader>01531cam a2200349 a 4500</leader>
    <controlfield tag="001">13097428</controlfield>
    <controlfield tag="005">20151214134240.0</controlfield>
    <controlfield tag="008">030220s2003    nyu      b    000 1 eng  </controlfield>
    <datafield tag="020" ind1=" " ind2=" ">
      <subfield code="a">1593080409 (pbk. : v. 1)</subfield>
    </datafield>
    <datafield tag="020" ind1=" " ind2=" ">
      <subfield code="a">1593080344 (pbk. : v. 2)</subfield>
    </datafield>
    <datafield tag="082" ind1="0" ind2="0">
      <subfield code="a">823/.8</subfield>
      <subfield code="2">22</subfield>
    </datafield>
    <datafield tag="100" ind1="1" ind2=" ">
      <subfield code="a">Doyle, Arthur Conan</subfield>
      <subfield code="0">http://viaf.org/viaf/65283845</subfield>
      <subfield code="4">aut</subfield>
      <subfield code="d">1859-1930</subfield>
    </datafield>
    <datafield tag="240" ind1="1" ind2="0">
      <subfield code="a">Complete Sherlock Holmes</subfield>
      <subfield code="0">http://viaf.org/viaf/176252168</subfield>
    </datafield>
    <datafield tag="245" ind1="1" ind2="4">
      <subfield code="a">The complete Sherlock Holmes </subfield>
      <subfield code="c">Sir Arthur Conan Doyle ; with an introduction and notes by Kyle Freeman ; George Stade, consulting editorial director.</subfield>
    </datafield>
    <datafield tag="260" ind1=" " ind2=" ">
      <subfield code="a">New York :</subfield>
      <subfield code="b">Barnes &amp; Noble Classics,</subfield>
      <subfield code="c">[2003]</subfield>
    </datafield>
    <datafield tag="300" ind1=" " ind2=" ">
      <subfield code="a">2 v. ;</subfield>
      <subfield code="c">21 cm.</subfield>
    </datafield>
    <datafield tag="336" ind1=" " ind2=" ">
      <subfield code="a">text</subfield>
      <subfield code="b">txt</subfield>
      <subfield code="2">rdacontent</subfield>
      <subfield code="0">http://rdaregistry.info/termList/RDAContentType/1020</subfield>
    </datafield>
    <datafield tag="337" ind1=" " ind2=" ">
      <subfield code="a">unmediated</subfield>
      <subfield code="b">umd</subfield>
      <subfield code="2">rdamedia</subfield>
      <subfield code="0">http://rdaregistry.info/termList/RDAMediaType/1007</subfield>
    </datafield>
    <datafield tag="338" ind1=" " ind2=" ">
      <subfield code="a">volume</subfield>
      <subfield code="b">vol</subfield>
      <subfield code="2">rdacarrier</subfield>
      <subfield code="0">http://rdaregistry.info/termList/RDACarrierType/1049</subfield>
    </datafield>
    <datafield tag="380" ind1=" " ind2=" ">
      <subfield code="a">Novelle</subfield>
      <subfield code="0">http://id.loc.gov/authorities/genreForms/gf2014026542.html</subfield>
      <subfield code="2">LCSH</subfield>
    </datafield>
    <datafield tag="504" ind1=" " ind2=" ">
      <subfield code="a">Includes bibliographical references.</subfield>
    </datafield>
    <datafield tag="600" ind1="1" ind2="0">
      <subfield code="a">Holmes, Sherlock</subfield>
      <subfield code="0">http://viaf.org/viaf/173636607</subfield>
      <subfield code="4">dpc</subfield>
      <subfield code="c">(Fiksjonell karakter)</subfield>
      <subfield code="v">Skjønnlitteratur.</subfield>
    </datafield>
    <datafield tag="650" ind1=" " ind2="0">
      <subfield code="a">Detektiver</subfield>
    </datafield>
    <datafield tag="650" ind1=" " ind2="0">
      <subfield code="a">Privatetterforskere</subfield>
    </datafield>
    <datafield tag="655" ind1=" " ind2="4">
      <subfield code="a">Kriminal</subfield>
    </datafield>
    <datafield tag="700" ind1="1" ind2=" ">
      <subfield code="a">Freeman, Kyle</subfield>
      <subfield code="0">http://viaf.org/viaf/4320566</subfield>
      <subfield code="4">aui</subfield>
    </datafield>
  </record>