
  <record>
    <leader>00830cam a22002411  4500</leader>
    <controlfield tag="001">10247240</controlfield>
    <controlfield tag="005">20151214134206.0</controlfield>
    <controlfield tag="008">771219s1952    nyu           000 0 eng  </controlfield>
    <datafield tag="035" ind1=" " ind2=" ">
      <subfield code="9">(DLC)   52004772</subfield>
    </datafield>
    <datafield tag="035" ind1=" " ind2=" ">
      <subfield code="a">(OCoLC)3500109</subfield>
    </datafield>
    <datafield tag="100" ind1="1" ind2=" ">
      <subfield code="a">Doyle, Arthur Conan</subfield>
      <subfield code="0">http://viaf.org/viaf/65283845</subfield>
      <subfield code="4">aut</subfield>
      <subfield code="d">1859-1930</subfield>
    </datafield>
    <datafield tag="240" ind1="1" ind2="0">
      <subfield code="a">Complete Sherlock Holmes</subfield>
      <subfield code="0">http://viaf.org/viaf/176252168</subfield>
    </datafield>
    <datafield tag="245" ind1="1" ind2="4">
      <subfield code="a">The complete Sherlock Holmes </subfield>
      <subfield code="c">With a pref. by Christopher Morley.</subfield>
    </datafield>
    <datafield tag="260" ind1=" " ind2=" ">
      <subfield code="a">Garden City [N.Y.]</subfield>
      <subfield code="b">Garden City Books</subfield>
      <subfield code="c">[1952?]</subfield>
    </datafield>
    <datafield tag="300" ind1=" " ind2=" ">
      <subfield code="a">1323 s.</subfield>
      <subfield code="c">22 cm.</subfield>
    </datafield>
    <datafield tag="336" ind1=" " ind2=" ">
      <subfield code="a">text</subfield>
      <subfield code="b">txt</subfield>
      <subfield code="2">rdacontent</subfield>
      <subfield code="0">http://rdaregistry.info/termList/RDAContentType/1020</subfield>
    </datafield>
    <datafield tag="337" ind1=" " ind2=" ">
      <subfield code="a">unmediated</subfield>
      <subfield code="b">umd</subfield>
      <subfield code="2">rdamedia</subfield>
      <subfield code="0">http://rdaregistry.info/termList/RDAMediaType/1007</subfield>
    </datafield>
    <datafield tag="338" ind1=" " ind2=" ">
      <subfield code="a">volume</subfield>
      <subfield code="b">vol</subfield>
      <subfield code="2">rdacarrier</subfield>
      <subfield code="0">http://rdaregistry.info/termList/RDACarrierType/1049</subfield>
    </datafield>
    <datafield tag="380" ind1=" " ind2=" ">
      <subfield code="a">Novelle</subfield>
      <subfield code="0">http://id.loc.gov/authorities/genreForms/gf2014026542.html</subfield>
      <subfield code="2">LCSH</subfield>
    </datafield>
    <datafield tag="600" ind1="1" ind2="0">
      <subfield code="a">Holmes, Sherlock</subfield>
      <subfield code="0">http://viaf.org/viaf/173636607</subfield>
      <subfield code="4">dpc</subfield>
      <subfield code="c">(Fiksjonell karakter)</subfield>
      <subfield code="v">Skjønnlitteratur.</subfield>
    </datafield>
    <datafield tag="650" ind1=" " ind2="0">
      <subfield code="a">Detektiver</subfield>
    </datafield>
    <datafield tag="650" ind1=" " ind2="0">
      <subfield code="a">Privatetterforskere</subfield>
    </datafield>
    <datafield tag="655" ind1=" " ind2="4">
      <subfield code="a">Kriminal</subfield>
    </datafield>
  </record>