
  <record>
    <leader>01894cam a22004937i 4500</leader>
    <controlfield tag="001">17633262</controlfield>
    <controlfield tag="005">20140722145519.0</controlfield>
    <controlfield tag="008">130221s2013    utua   j      000 1 eng d</controlfield>
    <datafield tag="020" ind1=" " ind2=" ">
      <subfield code="a">9781423634119 (hbk.)</subfield>
    </datafield>
    <datafield tag="020" ind1=" " ind2=" ">
      <subfield code="a">142363411X (hbk.)</subfield>
    </datafield>
    <datafield tag="035" ind1=" " ind2=" ">
      <subfield code="a">(OCoLC)ocn854617724</subfield>
    </datafield>
    <datafield tag="082" ind1="0" ind2="4">
      <subfield code="a">[E]</subfield>
      <subfield code="2">23</subfield>
    </datafield>
    <datafield tag="082" ind1="0" ind2="4">
      <subfield code="a">813.6</subfield>
      <subfield code="2">23</subfield>
    </datafield>
    <datafield tag="100" ind1="1" ind2=" ">
      <subfield code="a">Adams, Jennifer</subfield>
      <subfield code="0">http://viaf.org/viaf/95124757</subfield>
      <subfield code="4">aut</subfield>
      <subfield code="d">1970-</subfield>
      <subfield code="e">author.</subfield>
    </datafield>
    <datafield tag="245" ind1="1" ind2="0">
      <subfield code="a">Sherlock Holmes in the Hound of the Baskervilles</subfield>
      <subfield code="b">a sounds primer /</subfield>
      <subfield code="c">by Jennifer Adams ; art by Alison Oliver.</subfield>
    </datafield>
    <datafield tag="250" ind1=" " ind2=" ">
      <subfield code="a">First edition.</subfield>
    </datafield>
    <datafield tag="264" ind1=" " ind2="1">
      <subfield code="a">Layton, Utah :</subfield>
      <subfield code="b">Gibbs Smith,</subfield>
      <subfield code="c">[2013]</subfield>
    </datafield>
    <datafield tag="300" ind1=" " ind2=" ">
      <subfield code="a">1 volume (unpaged) :</subfield>
      <subfield code="b">color illustrations ;</subfield>
      <subfield code="c">18 cm.</subfield>
    </datafield>
    <datafield tag="336" ind1=" " ind2=" ">
      <subfield code="a">text</subfield>
      <subfield code="b">txt</subfield>
      <subfield code="2">rdacontent</subfield>
      <subfield code="0">http://rdaregistry.info/termList/RDAContentType/1020</subfield>
    </datafield>
    <datafield tag="337" ind1=" " ind2=" ">
      <subfield code="a">unmediated</subfield>
      <subfield code="b">umd</subfield>
      <subfield code="2">rdamedia</subfield>
      <subfield code="0">http://rdaregistry.info/termList/RDAMediaType/1007</subfield>
    </datafield>
    <datafield tag="338" ind1=" " ind2=" ">
      <subfield code="a">volume</subfield>
      <subfield code="b">vol</subfield>
      <subfield code="2">rdacarrier</subfield>
      <subfield code="0">http://rdaregistry.info/termList/RDACarrierType/1049</subfield>
    </datafield>
    <datafield tag="380" ind1=" " ind2=" ">
      <subfield code="a">Roman</subfield>
      <subfield code="0">http://id.loc.gov/authorities/genreForms/gf2015026020</subfield>
      <subfield code="2">LCSH</subfield>
    </datafield>
    <datafield tag="490" ind1="1" ind2=" ">
      <subfield code="a">A BabyLit book</subfield>
    </datafield>
    <datafield tag="600" ind1="1" ind2="0">
      <subfield code="a">Holmes, Sherlock</subfield>
      <subfield code="0">http://viaf.org/viaf/173636607</subfield>
      <subfield code="4">dpc</subfield>
      <subfield code="c">(Fiksjonell karakter)</subfield>
      <subfield code="v">Skjønnlitteratur.</subfield>
    </datafield>
    <datafield tag="650" ind1=" " ind2="0">
      <subfield code="a">Detektiver</subfield>
    </datafield>
    <datafield tag="650" ind1=" " ind2="0">
      <subfield code="a">Privatetterforskere</subfield>
    </datafield>
    <datafield tag="655" ind1=" " ind2="4">
      <subfield code="a">Kriminal</subfield>
    </datafield>
    <datafield tag="700" ind1="1" ind2=" ">
      <subfield code="a">Oliver, Alison</subfield>
      <subfield code="0">http://viaf.org/viaf/177725148</subfield>
      <subfield code="4">ill</subfield>
      <subfield code="e">illustr.</subfield>
    </datafield>
    <datafield tag="700" ind1="1" ind2=" ">
      <subfield code="a">Doyle, Arthur Conan</subfield>
      <subfield code="0">http://viaf.org/viaf/181625655</subfield>
      <subfield code="4">http://rdaregistry.info/Elements/w/adaptedAsNovelWork.en</subfield>
      <subfield code="d">1859-1930</subfield>
      <subfield code="t">Hound of the Baskervilles.</subfield>
      <subfield code="i">Adapted as novel</subfield>
    </datafield>
    <datafield tag="800" ind1="1" ind2=" ">
      <subfield code="a">Adams, Jennifer</subfield>
      <subfield code="0">http://viaf.org/viaf/95124757</subfield>
      <subfield code="4">aut</subfield>
      <subfield code="d">1970-</subfield>
      <subfield code="t">BabyLit book</subfield>
      <subfield code="p">Little Master Conan Doyle.</subfield>
    </datafield>
  </record>