
  <record>
    <leader>00989nam a22001930  450 </leader>
    <controlfield tag="001">06124143</controlfield>
    <controlfield tag="005">20010128224732.0</controlfield>
    <controlfield tag="008">000000s1984    dk            00| j dan d</controlfield>
    <datafield tag="020" ind1=" " ind2=" ">
      <subfield code="a">8758302344 (hf.)</subfield>
    </datafield>
    <datafield tag="041" ind1="1" ind2=" ">
      <subfield code="a">dan</subfield>
      <subfield code="h">eng</subfield>
    </datafield>
    <datafield tag="100" ind1="1" ind2=" ">
      <subfield code="a">Doyle, Arthur Conan</subfield>
      <subfield code="0">http://viaf.org/viaf/65283845</subfield>
      <subfield code="4">aut</subfield>
      <subfield code="d">1859-1930</subfield>
    </datafield>
    <datafield tag="245" ind1="1" ind2="0">
      <subfield code="a">Detektiven Sherlock Holmes </subfield>
      <subfield code="b">hans liv, sager og æventyr </subfield>
      <subfield code="c">[af Arthur Conan Doyle og] John H. Watson ; illustreret af Sidney Paget, Frederick Dorr Steele og Théophile-Alexandre Steinlen ; [oversat af Verner Seemann, Tage la Cour ... og Mogens Boisen].</subfield>
    </datafield>
    <datafield tag="260" ind1=" " ind2=" ">
      <subfield code="a">[Viby J.] :</subfield>
      <subfield code="b">Centrum ;</subfield>
      <subfield code="a">[Kbh.] :</subfield>
      <subfield code="b">[eksp. DBK],</subfield>
      <subfield code="c">1984.</subfield>
    </datafield>
    <datafield tag="300" ind1=" " ind2=" ">
      <subfield code="a">259 sider :</subfield>
      <subfield code="b">ill. ;</subfield>
      <subfield code="c">20 cm.</subfield>
    </datafield>
    <datafield tag="336" ind1=" " ind2=" ">
      <subfield code="a">text</subfield>
      <subfield code="b">txt</subfield>
      <subfield code="2">rdacontent</subfield>
      <subfield code="0">http://rdaregistry.info/termList/RDAContentType/1020</subfield>
    </datafield>
    <datafield tag="337" ind1=" " ind2=" ">
      <subfield code="a">unmediated</subfield>
      <subfield code="b">umd</subfield>
      <subfield code="2">rdamedia</subfield>
      <subfield code="0">http://rdaregistry.info/termList/RDAMediaType/1007</subfield>
    </datafield>
    <datafield tag="338" ind1=" " ind2=" ">
      <subfield code="a">volume</subfield>
      <subfield code="b">vol</subfield>
      <subfield code="2">rdacarrier</subfield>
      <subfield code="0">http://rdaregistry.info/termList/RDACarrierType/1049</subfield>
    </datafield>
    <datafield tag="380" ind1=" " ind2=" ">
      <subfield code="a">Roman</subfield>
      <subfield code="0">http://id.loc.gov/authorities/genreForms/gf2015026020</subfield>
      <subfield code="2">LCSH</subfield>
    </datafield>
    <datafield tag="505" ind1="0" ind2=" ">
      <subfield code="a">Indhold: Musgrave-Ritualet -- Den anden plet -- Den græske tolk -- Silver Blaze -- Det afsluttende problem -- Det tomme hus -- Den forsvundne rugbyspiller -- Prioratskolen -- Historien om løvemanken.</subfield>
    </datafield>
    <datafield tag="600" ind1="1" ind2="0">
      <subfield code="a">Holmes, Sherlock</subfield>
      <subfield code="0">http://viaf.org/viaf/173636607</subfield>
      <subfield code="4">dpc</subfield>
      <subfield code="c">(Fiksjonell karakter)</subfield>
      <subfield code="v">Skjønnlitteratur.</subfield>
    </datafield>
    <datafield tag="650" ind1=" " ind2="0">
      <subfield code="a">Detektiver</subfield>
    </datafield>
    <datafield tag="650" ind1=" " ind2="0">
      <subfield code="a">Privatetterforskere</subfield>
    </datafield>
    <datafield tag="655" ind1=" " ind2="4">
      <subfield code="a">Kriminal</subfield>
    </datafield>
    <datafield tag="700" ind1="1" ind2=" ">
      <subfield code="a">Watson, John H.</subfield>
      <subfield code="0">http://viaf.org/viaf/90776671</subfield>
      <subfield code="4">nrt</subfield>
      <subfield code="d">f. 1852.</subfield>
    </datafield>
    <datafield tag="700" ind1="1" ind2=" ">
      <subfield code="a">Paget, Sidney</subfield>
      <subfield code="0">http://viaf.org/viaf/2555146</subfield>
      <subfield code="4">ill</subfield>
      <subfield code="d">1860-1908,</subfield>
      <subfield code="e">illustr.</subfield>
    </datafield>
    <datafield tag="700" ind1="1" ind2="2">
      <subfield code="a">Doyle, Arthur Conan</subfield>
      <subfield code="0">http://viaf.org/viaf/184459180</subfield>
      <subfield code="d">1859-1930</subfield>
      <subfield code="t">Scandal in bohemia.</subfield>
    </datafield>
    <datafield tag="700" ind1="1" ind2="2">
      <subfield code="a">Doyle, Arthur Conan</subfield>
      <subfield code="0">http://viaf.org/viaf/179264439</subfield>
      <subfield code="d">1859-1930</subfield>
      <subfield code="t">Adventure of the blue carbuncle.</subfield>
    </datafield>
    <datafield tag="700" ind1="1" ind2="2">
      <subfield code="a">Doyle, Arthur Conan</subfield>
      <subfield code="0">http://viaf.org/viaf/49144898528650290310</subfield>
      <subfield code="d">1859-1930</subfield>
      <subfield code="t">The Red-headed league.</subfield>
    </datafield>
    <datafield tag="700" ind1="1" ind2="2">
      <subfield code="a">Doyle, Arthur Conan</subfield>
      <subfield code="0">http://viaf.org/viaf/6401155226720784490003</subfield>
      <subfield code="d">1859-1930</subfield>
      <subfield code="t">A case of identity.</subfield>
    </datafield>
    <datafield tag="700" ind1="1" ind2="2">
      <subfield code="a">Doyle, Arthur Conan</subfield>
      <subfield code="0">http://viaf.org/viaf/181222261</subfield>
      <subfield code="d">1859-1930</subfield>
      <subfield code="t">The Boscombe valley mystery.</subfield>
    </datafield>
    <datafield tag="700" ind1="1" ind2="2">
      <subfield code="a">Doyle, Arthur Conan</subfield>
      <subfield code="0">http://viaf.org/viaf/180691885</subfield>
      <subfield code="d">1859-1930</subfield>
      <subfield code="t">The five orange pips.</subfield>
    </datafield>
    <datafield tag="700" ind1="1" ind2="2">
      <subfield code="a">Doyle, Arthur Conan</subfield>
      <subfield code="0">http://viaf.org/viaf/1260145424584386830988</subfield>
      <subfield code="d">1859-1930</subfield>
      <subfield code="t">The man with the twisted lip.</subfield>
    </datafield>
    <datafield tag="700" ind1="1" ind2="2">
      <subfield code="a">Doyle, Arthur Conan</subfield>
      <subfield code="0">http://viaf.org/viaf/181846531</subfield>
      <subfield code="d">1859-1930</subfield>
      <subfield code="t">The adventure of the Speckled band.</subfield>
    </datafield>
    <datafield tag="700" ind1="1" ind2="2">
      <subfield code="a">Doyle, Arthur Conan</subfield>
      <subfield code="0">http://viaf.org/viaf/176034931</subfield>
      <subfield code="d">1859-1930</subfield>
      <subfield code="t">The adventure of the engineer's thumb.</subfield>
    </datafield>
    <datafield tag="700" ind1="1" ind2="2">
      <subfield code="a">Doyle, Arthur Conan</subfield>
      <subfield code="0">http://viaf.org/viaf/3283155226707084490002</subfield>
      <subfield code="d">1859-1930</subfield>
      <subfield code="t">The adventure of the noble bachelor.</subfield>
    </datafield>
    <datafield tag="700" ind1="1" ind2="2">
      <subfield code="a">Doyle, Arthur Conan</subfield>
      <subfield code="0">http://viaf.org/viaf/176842642</subfield>
      <subfield code="d">1859-1930</subfield>
      <subfield code="t">The adventure of the Beryl coronet.</subfield>
    </datafield>
    <datafield tag="700" ind1="1" ind2="2">
      <subfield code="a">Doyle, Arthur Conan</subfield>
      <subfield code="0">http://viaf.org/viaf/180007173</subfield>
      <subfield code="d">1859-1930</subfield>
      <subfield code="t">The adventure of the copper beeches.</subfield>
    </datafield>
  </record>