
  <record>
    <leader>01011cim a22002774  450 </leader>
    <controlfield tag="001">650816</controlfield>
    <controlfield tag="005">200912171205000000.0</controlfield>
    <controlfield tag="007">s|||||||||||||</controlfield>
    <controlfield tag="008">000000s1973    dk                | dan d</controlfield>
    <datafield tag="245" ind1="0" ind2="0">
      <subfield code="a">De fires tegn </subfield>
      <subfield code="c">Arthur Conan Doyle ; (Instr.) Sam Besekow.</subfield>
    </datafield>
    <datafield tag="260" ind1=" " ind2=" ">
      <subfield code="a">Kbh. :</subfield>
      <subfield code="b">Danmarks Radio,</subfield>
      <subfield code="c">1973.</subfield>
    </datafield>
    <datafield tag="300" ind1=" " ind2=" ">
      <subfield code="a">1 spolebånd (95 min) :</subfield>
      <subfield code="b">mono.</subfield>
    </datafield>
    <datafield tag="336" ind1=" " ind2=" ">
      <subfield code="a">spoken word</subfield>
      <subfield code="b">spw</subfield>
      <subfield code="2">rdacontent</subfield>
      <subfield code="0">http://rdaregistry.info/termList/RDAContentType/1013</subfield>
    </datafield>
    <datafield tag="337" ind1=" " ind2=" ">
      <subfield code="a">audio</subfield>
      <subfield code="b">a</subfield>
      <subfield code="2">rdamedia</subfield>
      <subfield code="0">http://rdaregistry.info/termList/RDAMediaType/1001</subfield>
    </datafield>
    <datafield tag="338" ind1=" " ind2=" ">
      <subfield code="a">audiocasette</subfield>
      <subfield code="b">ac</subfield>
      <subfield code="2">rdacarrier</subfield>
      <subfield code="0">http://rdaregistry.info/termList/RDACarrierType/1007</subfield>
    </datafield>
    <datafield tag="380" ind1=" " ind2=" ">
      <subfield code="a">Radio program</subfield>
      <subfield code="0">http://id.loc.gov/authorities/genreForms/gf2011026506</subfield>
      <subfield code="2">LCSH</subfield>
    </datafield>
    <datafield tag="600" ind1="1" ind2="0">
      <subfield code="a">Holmes, Sherlock</subfield>
      <subfield code="0">http://viaf.org/viaf/173636607</subfield>
      <subfield code="4">dpc</subfield>
      <subfield code="c">(Fiksjonell karakter)</subfield>
      <subfield code="v">Skjønnlitteratur.</subfield>
    </datafield>
    <datafield tag="650" ind1=" " ind2="0">
      <subfield code="a">Detektiver</subfield>
    </datafield>
    <datafield tag="650" ind1=" " ind2="0">
      <subfield code="a">Privatetterforskere</subfield>
    </datafield>
    <datafield tag="655" ind1=" " ind2="4">
      <subfield code="a">Kriminal</subfield>
    </datafield>
    <datafield tag="700" ind1="1" ind2=" ">
      <subfield code="a">Doyle, Arthur Conan</subfield>
      <subfield code="0">http://viaf.org/viaf/65283845</subfield>
      <subfield code="4">aut</subfield>
      <subfield code="d">1859-1930</subfield>
    </datafield>
    <datafield tag="700" ind1="1" ind2=" ">
      <subfield code="a">Besekow, Sam</subfield>
      <subfield code="0">http://viaf.org/viaf/79415726</subfield>
      <subfield code="4">nrt</subfield>
    </datafield>
    <datafield tag="700" ind1="1" ind2=" ">
      <subfield code="a">Reenberg, Jørgen</subfield>
      <subfield code="0">http://viaf.org/viaf/222787510</subfield>
      <subfield code="4">prf</subfield>
    </datafield>
    <datafield tag="700" ind1="1" ind2=" ">
      <subfield code="a">Doyle, Arthur Conan</subfield>
      <subfield code="0">http://viaf.org/viaf/184892317</subfield>
      <subfield code="4">http://rdaregistry.info/Elements/w/adaptedAsRadioProgramWork.en</subfield>
      <subfield code="4">aut</subfield>
      <subfield code="d">1859-1930</subfield>
      <subfield code="i">Adapted as radio program</subfield>
      <subfield code="t">Sign of four</subfield>
    </datafield>
  </record>