
  <record>
    <leader>00884cam a22002411  4500</leader>
    <controlfield tag="001">9126093</controlfield>
    <controlfield tag="005">20050218131512.0</controlfield>
    <controlfield tag="008">830104s1900    nyu           000 0 eng  </controlfield>
    <datafield tag="035" ind1=" " ind2=" ">
      <subfield code="9">(DLC)   00000950</subfield>
    </datafield>
    <datafield tag="035" ind1=" " ind2=" ">
      <subfield code="a">(OCoLC)9098715</subfield>
    </datafield>
    <datafield tag="100" ind1="1" ind2=" ">
      <subfield code="a">Poe, Edgar Allan</subfield>
      <subfield code="0">http://viaf.org/viaf/60351476</subfield>
      <subfield code="4">aut</subfield>
      <subfield code="d">1809-1849.</subfield>
    </datafield>
    <datafield tag="245" ind1="1" ind2="4">
      <subfield code="a">The detective tales of Edgar Allan Poe </subfield>
      <subfield code="c">compiled by George A. Seaman.</subfield>
    </datafield>
    <datafield tag="260" ind1=" " ind2=" ">
      <subfield code="a">New York,</subfield>
      <subfield code="b">Street &amp; Smith</subfield>
      <subfield code="c">[c1900]</subfield>
    </datafield>
    <datafield tag="300" ind1=" " ind2=" ">
      <subfield code="a">3 s. l., [7]-229 s.</subfield>
      <subfield code="c">19 cm.</subfield>
    </datafield>
    <datafield tag="336" ind1=" " ind2=" ">
      <subfield code="a">text</subfield>
      <subfield code="b">txt</subfield>
      <subfield code="2">rdacontent</subfield>
      <subfield code="0">http://rdaregistry.info/termList/RDAContentType/1020</subfield>
    </datafield>
    <datafield tag="337" ind1=" " ind2=" ">
      <subfield code="a">unmediated</subfield>
      <subfield code="b">umd</subfield>
      <subfield code="2">rdamedia</subfield>
      <subfield code="0">http://rdaregistry.info/termList/RDAMediaType/1007</subfield>
    </datafield>
    <datafield tag="338" ind1=" " ind2=" ">
      <subfield code="a">volume</subfield>
      <subfield code="b">vol</subfield>
      <subfield code="2">rdacarrier</subfield>
      <subfield code="0">http://rdaregistry.info/termList/RDACarrierType/1049</subfield>
    </datafield>
    <datafield tag="380" ind1=" " ind2=" ">
      <subfield code="a">Roman</subfield>
      <subfield code="0">http://id.loc.gov/authorities/genreForms/gf2015026020</subfield>
      <subfield code="2">LCSH</subfield>
    </datafield>
    <datafield tag="505" ind1="0" ind2=" ">
      <subfield code="a">The murders in the Rue Morgue.--The mystery of Marie Roget.--The purloined letter.--The gold bug.--Cryptography.</subfield>
    </datafield>
    <datafield tag="600" ind1="1" ind2="0">
      <subfield code="a">Dupin, C. Auguste</subfield>
      <subfield code="0">http://viaf.org/viaf/190504529</subfield>
      <subfield code="4">dpc</subfield>
      <subfield code="c">(Fiksjonell karakter)</subfield>
      <subfield code="v">Skjønnlitteratur.</subfield>
    </datafield>
    <datafield tag="650" ind1=" " ind2="0">
      <subfield code="a">Detektiver</subfield>
    </datafield>
    <datafield tag="650" ind1=" " ind2="0">
      <subfield code="a">Privatetterforskere</subfield>
    </datafield>
    <datafield tag="655" ind1=" " ind2="4">
      <subfield code="a">Kriminal</subfield>
    </datafield>
    <datafield tag="700" ind1="1" ind2=" ">
      <subfield code="a">Seaman, G. A.</subfield>
      <subfield code="0">http://viaf.org/viaf/20995756</subfield>
      <subfield code="4">cmp</subfield>
      <subfield code="e">komp.</subfield>
    </datafield>
    <datafield tag="700" ind1="1" ind2="2">
      <subfield code="a">Poe, Edgar Allan</subfield>
      <subfield code="0">http://viaf.org/viaf/219432794</subfield>
      <subfield code="d">1809-1849.</subfield>
      <subfield code="t">Murders in the Rue Morgue.</subfield>
    </datafield>
    <datafield tag="700" ind1="1" ind2="2">
      <subfield code="a">Poe, Edgar Allan</subfield>
      <subfield code="0">http://viaf.org/viaf/199731682</subfield>
      <subfield code="d">1809-1849.</subfield>
      <subfield code="t">Mystery of Marie Roget.</subfield>
    </datafield>
    <datafield tag="700" ind1="1" ind2="2">
      <subfield code="a">Poe, Edgar Allan</subfield>
      <subfield code="0">http://viaf.org/viaf/191525565</subfield>
      <subfield code="d">1809-1849.</subfield>
      <subfield code="t">Purloined letter.</subfield>
    </datafield>
  </record>