
  <record>
    <leader>02930cgm a22005417a 4500</leader>
    <controlfield tag="001">11728217</controlfield>
    <controlfield tag="005">20130610183713.0</controlfield>
    <controlfield tag="007">v| ||||||</controlfield>
    <controlfield tag="008">990224s1932    xxu062            mleng  </controlfield>
    <datafield tag="035" ind1=" " ind2=" ">
      <subfield code="9">(DLC)   99402211</subfield>
    </datafield>
    <datafield tag="245" ind1="0" ind2="0">
      <subfield code="a">Murders in the Rue Morgue </subfield>
      <subfield code="c">Universal Pictures ; director, adaptation, Robert Florey ; associate producer, E.M. Asher.</subfield>
    </datafield>
    <datafield tag="260" ind1=" " ind2=" ">
      <subfield code="a">United States :</subfield>
      <subfield code="b">Universal Pictures,</subfield>
      <subfield code="c">1932.</subfield>
    </datafield>
    <datafield tag="300" ind1=" " ind2=" ">
      <subfield code="a">1 videodisc of 1 (laser) (62 min.) :</subfield>
      <subfield code="b">sd., b&amp;w ;</subfield>
      <subfield code="c">12 in. viewing copy.</subfield>
    </datafield>
    <datafield tag="300" ind1=" " ind2=" ">
      <subfield code="a">1 videodisc of 1 (laser) (62 min.) :</subfield>
      <subfield code="b">sd., b&amp;w ;</subfield>
      <subfield code="c">12 in. viewing copy (copy 2)</subfield>
    </datafield>
    <datafield tag="300" ind1=" " ind2=" ">
      <subfield code="a">2 reels of 2 (r 3, 6) (ca. 1180 ft.) :</subfield>
      <subfield code="b">si., b&amp;w ;</subfield>
      <subfield code="c">35 mm. pic neg.</subfield>
    </datafield>
    <datafield tag="300" ind1=" " ind2=" ">
      <subfield code="a">6 reels of 6 (ca. 5743 ft.) :</subfield>
      <subfield code="b">sd., b&amp;w ;</subfield>
      <subfield code="c">35 mm. masterpos.</subfield>
    </datafield>
    <datafield tag="336" ind1=" " ind2=" ">
      <subfield code="a">two-dimensional moving image</subfield>
      <subfield code="b">2dmi</subfield>
      <subfield code="2">rdacontent</subfield>
      <subfield code="0">http://rdaregistry.info/termList/RDAContentType/1023</subfield>
    </datafield>
    <datafield tag="337" ind1=" " ind2=" ">
      <subfield code="a">video</subfield>
      <subfield code="b">v</subfield>
      <subfield code="2">rdamedia</subfield>
      <subfield code="0">http://rdaregistry.info/termList/RDAMediaType/1008</subfield>
    </datafield>
    <datafield tag="338" ind1=" " ind2=" ">
      <subfield code="a">videodisc</subfield>
      <subfield code="b">vd</subfield>
      <subfield code="2">rdacarrier</subfield>
      <subfield code="0">http://rdaregistry.info/termList/RDACarrierType/1060</subfield>
    </datafield>
    <datafield tag="380" ind1=" " ind2=" ">
      <subfield code="a">Spillefilm</subfield>
      <subfield code="0">http://id.loc.gov/authorities/genreForms/gf2011026406</subfield>
      <subfield code="2">LCSH</subfield>
    </datafield>
    <datafield tag="600" ind1="1" ind2="0">
      <subfield code="a">Dupin, C. Auguste</subfield>
      <subfield code="0">http://viaf.org/viaf/190504529</subfield>
      <subfield code="4">dpc</subfield>
      <subfield code="c">(Fiksjonell karakter)</subfield>
      <subfield code="v">Skjønnlitteratur.</subfield>
    </datafield>
    <datafield tag="650" ind1=" " ind2="0">
      <subfield code="a">Detektiver</subfield>
    </datafield>
    <datafield tag="650" ind1=" " ind2="0">
      <subfield code="a">Privatetterforskere</subfield>
    </datafield>
    <datafield tag="655" ind1=" " ind2="4">
      <subfield code="a">Kriminal</subfield>
    </datafield>
    <datafield tag="700" ind1="1" ind2=" ">
      <subfield code="a">Poe, Edgar Allan</subfield>
      <subfield code="0">http://viaf.org/viaf/219432794</subfield>
      <subfield code="4">http://rdaregistry.info/Elements/w/adaptedAsMotionPictureWork.en</subfield>
      <subfield code="i">Is adapted as motion picture</subfield>
    </datafield>
    <datafield tag="700" ind1="1" ind2=" ">
      <subfield code="a">Florey, Robert</subfield>
      <subfield code="0">http://viaf.org/viaf/117037952</subfield>
      <subfield code="4">drt</subfield>
      <subfield code="4">aus</subfield>
      <subfield code="d">1900-1979,</subfield>
      <subfield code="e">regissør</subfield>
      <subfield code="e">manusforf.</subfield>
    </datafield>
    <datafield tag="700" ind1="1" ind2=" ">
      <subfield code="a">Lugosi, Bela</subfield>
      <subfield code="0">http://viaf.org/viaf/14803252</subfield>
      <subfield code="4">act</subfield>
      <subfield code="d">1882-1956,</subfield>
      <subfield code="e">skuesp.</subfield>
    </datafield>
    <datafield tag="700" ind1="1" ind2=" ">
      <subfield code="a">Ames, Leon</subfield>
      <subfield code="0">http://viaf.org/viaf/71580860</subfield>
      <subfield code="4">act</subfield>
      <subfield code="d">1902-1993,</subfield>
      <subfield code="e">skuesp.</subfield>
    </datafield>
  </record>