
  <record>
    <leader>01894cam a2200409 a 4500</leader>
    <controlfield tag="001">17791048</controlfield>
    <controlfield tag="005">20130726171554.0</controlfield>
    <controlfield tag="008">130625s2002    enka          000 0 eng d</controlfield>
    <datafield tag="020" ind1=" " ind2=" ">
      <subfield code="a">9780194237079 (pbk. : w/audio cd)</subfield>
    </datafield>
    <datafield tag="020" ind1=" " ind2=" ">
      <subfield code="a">0194237079 (pbk. : w/audio cd)</subfield>
    </datafield>
    <datafield tag="020" ind1=" " ind2=" ">
      <subfield code="a">9780194229920 (pbk.)</subfield>
    </datafield>
    <datafield tag="020" ind1=" " ind2=" ">
      <subfield code="a">0194229920 (pbk.)</subfield>
    </datafield>
    <datafield tag="035" ind1=" " ind2=" ">
      <subfield code="a">(OCoLC)ocn155854410</subfield>
    </datafield>
    <datafield tag="082" ind1="0" ind2="4">
      <subfield code="a">428.6</subfield>
    </datafield>
    <datafield tag="100" ind1="1" ind2=" ">
      <subfield code="a">Basset, Jennifer</subfield>
      <subfield code="0">http://viaf.org/viaf/85360943</subfield>
      <subfield code="4">aut</subfield>
    </datafield>
    <datafield tag="245" ind1="1" ind2="4">
      <subfield code="a">The murders in the Rue Morgue </subfield>
      <subfield code="c">Edgar Allan Poe ; retold by Jennifer Bassett ; illustrated by Daniel Payne.</subfield>
    </datafield>
    <datafield tag="250" ind1=" " ind2=" ">
      <subfield code="a">Simplified ed.</subfield>
    </datafield>
    <datafield tag="260" ind1=" " ind2=" ">
      <subfield code="a">Oxford ;</subfield>
      <subfield code="a">New York :</subfield>
      <subfield code="b">Oxford University Press,</subfield>
      <subfield code="c">2002.</subfield>
    </datafield>
    <datafield tag="300" ind1=" " ind2=" ">
      <subfield code="a">56 s. :</subfield>
      <subfield code="b">ill. ;</subfield>
      <subfield code="c">20 cm. +</subfield>
      <subfield code="e">1 sound disc (digital ; 4 3/4 in.)</subfield>
    </datafield>
    <datafield tag="336" ind1=" " ind2=" ">
      <subfield code="a">text</subfield>
      <subfield code="b">txt</subfield>
      <subfield code="2">rdacontent</subfield>
      <subfield code="0">http://rdaregistry.info/termList/RDAContentType/1020</subfield>
    </datafield>
    <datafield tag="337" ind1=" " ind2=" ">
      <subfield code="a">unmediated</subfield>
      <subfield code="b">umd</subfield>
      <subfield code="2">rdamedia</subfield>
      <subfield code="0">http://rdaregistry.info/termList/RDAMediaType/1007</subfield>
    </datafield>
    <datafield tag="338" ind1=" " ind2=" ">
      <subfield code="a">volume</subfield>
      <subfield code="b">vol</subfield>
      <subfield code="2">rdacarrier</subfield>
      <subfield code="0">http://rdaregistry.info/termList/RDACarrierType/1049</subfield>
    </datafield>
    <datafield tag="380" ind1=" " ind2=" ">
      <subfield code="a">Roman</subfield>
      <subfield code="0">http://id.loc.gov/authorities/genreForms/gf2015026020</subfield>
      <subfield code="2">LCSH</subfield>
    </datafield>
    <datafield tag="490" ind1="1" ind2=" ">
      <subfield code="a">Oxford bookworms library. Stage 2, Crime &amp; mystery</subfield>
    </datafield>
    <datafield tag="505" ind1="0" ind2=" ">
      <subfield code="a">My friend Auguste Dupin -- The murders -- What the witnessses said -- Auguste Dupin visits the Rue Morgue -- The mysteries of the voice and the window -- A madman has done this -- A visitor for Auguste Dupin.</subfield>
    </datafield>
    <datafield tag="600" ind1="1" ind2="0">
      <subfield code="a">Dupin, C. Auguste</subfield>
      <subfield code="0">http://viaf.org/viaf/190504529</subfield>
      <subfield code="4">dpc</subfield>
      <subfield code="c">(Fiksjonell karakter)</subfield>
      <subfield code="v">Skjønnlitteratur.</subfield>
    </datafield>
    <datafield tag="650" ind1=" " ind2="0">
      <subfield code="a">Detektiver</subfield>
    </datafield>
    <datafield tag="650" ind1=" " ind2="0">
      <subfield code="a">Privatetterforskere</subfield>
    </datafield>
    <datafield tag="655" ind1=" " ind2="4">
      <subfield code="a">Kriminal</subfield>
    </datafield>
    <datafield tag="700" ind1="1" ind2=" ">
      <subfield code="a">Poe, Edgar Allan</subfield>
      <subfield code="0">http://viaf.org/viaf/219432794</subfield>
      <subfield code="4">http://rdaregistry.info/Elements/w/adaptedAsNovelWork.en</subfield>
      <subfield code="d">1809-1849.</subfield>
      <subfield code="t">Murders in the Rue Morgue</subfield>
      <subfield code="i">Is adapted as novel</subfield>
    </datafield>
    <datafield tag="700" ind1="1" ind2=" ">
      <subfield code="a">Payne, Daniel</subfield>
      <subfield code="0">http://viaf.org/viaf/216090648</subfield>
      <subfield code="4">ill</subfield>
      <subfield code="c">illustr.</subfield>
    </datafield>
    <datafield tag="700" ind1="1" ind2="2">
      <subfield code="a">Poe, Edgar Allan</subfield>
      <subfield code="0">http://viaf.org/viaf/60351476</subfield>
      <subfield code="4">cre</subfield>
      <subfield code="d">1809-1849.</subfield>
    </datafield>
  </record>