
  <record>
    <leader>01549cam a22003738i 4500</leader>
    <controlfield tag="001">17831417</controlfield>
    <controlfield tag="003">LIBRIS</controlfield>
    <controlfield tag="005">20190122080041.0</controlfield>
    <controlfield tag="008">150408s2020    sw |||||||||||000 1|swe|d</controlfield>
    <datafield tag="020" ind1=" " ind2=" ">
      <subfield code="a">9789176456286</subfield>
      <subfield code="q">inbunden</subfield>
    </datafield>
    <datafield tag="035" ind1=" " ind2=" ">
      <subfield code="a">(BOKR)9789176456286</subfield>
    </datafield>
    <datafield tag="041" ind1=" " ind2=" ">
      <subfield code="a">swe</subfield>
    </datafield>
    <datafield tag="100" ind1="1" ind2=" ">
      <subfield code="a">Poe, Edgar Allan</subfield>
      <subfield code="0">http://viaf.org/viaf/60351476</subfield>
      <subfield code="4">aut</subfield>
      <subfield code="d">1809-1849.</subfield>
    </datafield>
    <datafield tag="245" ind1="1" ind2="0">
      <subfield code="a">Auguste Dupin-novellerna</subfield>
    </datafield>
    <datafield tag="264" ind1=" " ind2="1">
      <subfield code="b">Modernista,</subfield>
      <subfield code="c">2020</subfield>
    </datafield>
    <datafield tag="300" ind1=" " ind2=" ">
      <subfield code="a">154 sidor</subfield>
    </datafield>
    <datafield tag="336" ind1=" " ind2=" ">
      <subfield code="a">text</subfield>
      <subfield code="b">txt</subfield>
      <subfield code="2">rdacontent</subfield>
      <subfield code="0">http://rdaregistry.info/termList/RDAContentType/1020</subfield>
    </datafield>
    <datafield tag="337" ind1=" " ind2=" ">
      <subfield code="a">unmediated</subfield>
      <subfield code="b">umd</subfield>
      <subfield code="2">rdamedia</subfield>
      <subfield code="0">http://rdaregistry.info/termList/RDAMediaType/1007</subfield>
    </datafield>
    <datafield tag="338" ind1=" " ind2=" ">
      <subfield code="a">volume</subfield>
      <subfield code="b">vol</subfield>
      <subfield code="2">rdacarrier</subfield>
      <subfield code="0">http://rdaregistry.info/termList/RDACarrierType/1049</subfield>
    </datafield>
    <datafield tag="380" ind1=" " ind2=" ">
      <subfield code="a">Roman</subfield>
      <subfield code="0">http://id.loc.gov/authorities/genreForms/gf2015026020</subfield>
      <subfield code="2">LCSH</subfield>
    </datafield>
    <datafield tag="600" ind1="1" ind2="0">
      <subfield code="a">Dupin, C. Auguste</subfield>
      <subfield code="0">http://viaf.org/viaf/190504529</subfield>
      <subfield code="4">dpc</subfield>
      <subfield code="c">(Fiksjonell karakter)</subfield>
      <subfield code="v">Skjønnlitteratur.</subfield>
    </datafield>
    <datafield tag="650" ind1=" " ind2="0">
      <subfield code="a">Detektiver</subfield>
    </datafield>
    <datafield tag="650" ind1=" " ind2="0">
      <subfield code="a">Privatetterforskere</subfield>
    </datafield>
    <datafield tag="655" ind1=" " ind2="4">
      <subfield code="a">Kriminal</subfield>
    </datafield>
    <datafield tag="700" ind1="1" ind2=" ">
      <subfield code="a">Pyk, Anna</subfield>
      <subfield code="0">http://viaf.org/viaf/13152023631203310099</subfield>
      <subfield code="4">trl</subfield>
    </datafield>
    <datafield tag="700" ind1="1" ind2="2">
      <subfield code="a">Poe, Edgar Allan</subfield>
      <subfield code="0">http://viaf.org/viaf/219432794</subfield>
      <subfield code="d">1809-1849.</subfield>
      <subfield code="t">Murders in the Rue Morgue.</subfield>
    </datafield>
    <datafield tag="700" ind1="1" ind2="2">
      <subfield code="a">Poe, Edgar Allan</subfield>
      <subfield code="0">http://viaf.org/viaf/199731682</subfield>
      <subfield code="d">1809-1849.</subfield>
      <subfield code="t">Mystery of Marie Roget.</subfield>
    </datafield>
    <datafield tag="700" ind1="1" ind2="2">
      <subfield code="a">Poe, Edgar Allan</subfield>
      <subfield code="0">http://viaf.org/viaf/191525565</subfield>
      <subfield code="d">1809-1849.</subfield>
      <subfield code="t">Purloined letter.</subfield>
    </datafield>
  </record>