
	<record>
		<leader>14124nim a22024253a 4500</leader>
		<controlfield tag="001">22684087</controlfield>
		<controlfield tag="003">LIBRIS</controlfield>
		<controlfield tag="008">180518|        |  | |||o||||||f  | swe|d</controlfield>
		<datafield tag="020" ind1=" " ind2=" ">
			<subfield code="a">9788711788349</subfield>
		</datafield>
		<datafield tag="035" ind1=" " ind2=" ">
			<subfield code="a">Elib1071433</subfield>
		</datafield>
		<datafield tag="040" ind1=" " ind2=" ">
			<subfield code="e">a</subfield>
		</datafield>
		<datafield tag="041" ind1=" " ind2=" ">
			<subfield code="a">swe</subfield>
		</datafield>
		<datafield tag="100" ind1="1" ind2=" ">
			<subfield code="a">Christie, Agatha</subfield>
			<subfield code="0">http://viaf.org/viaf/71388952</subfield>
			<subfield code="4">aut</subfield>
			<subfield code="d">1890-1976</subfield>
		</datafield>
		<datafield tag="240" ind1="1" ind2="0">
			<subfield code="a">Poirots early cases</subfield>
			<subfield code="0">http://viaf.org/viaf/2222153653281055900007</subfield>
		</datafield>
		<datafield tag="245" ind1="1" ind2="0">
			<subfield code="a">Poirots problem</subfield>
			<subfield code="c">Agatha Christie</subfield>
			<subfield code="h">[Elektronisk ressurs]</subfield>
		</datafield>
		<datafield tag="264" ind1=" " ind2="1">
			<subfield code="c">nnnn</subfield>
		</datafield>
		<datafield tag="264" ind1=" " ind2="1">
			<subfield code="b">Saga Egmont</subfield>
		</datafield>
		<datafield tag="336" ind1=" " ind2=" ">
			<subfield code="a">spoken word</subfield>
			<subfield code="b">spw</subfield>
			<subfield code="2">rdacontent</subfield>
			<subfield code="0">http://rdaregistry.info/termList/RDAContentType/1013</subfield>
		</datafield>
		<datafield tag="337" ind1=" " ind2=" ">
			<subfield code="a">computer</subfield>
			<subfield code="b">com</subfield>
			<subfield code="2">rdamedia</subfield>
			<subfield code="0">http://rdaregistry.info/termList/RDAMediaType/1003</subfield>
		</datafield>
		<datafield tag="338" ind1=" " ind2=" ">
			<subfield code="a">online resource</subfield>
			<subfield code="b">or</subfield>
			<subfield code="2">rdacarrier</subfield>
			<subfield code="0">http://rdaregistry.info/termList/RDACarrierType/1018</subfield>
		</datafield>
		<datafield tag="380" ind1=" " ind2=" "> 
			<subfield code="a">Noveller</subfield> 
			<subfield code="0">http://id.loc.gov/authorities/genreForms/gf2014026542.html</subfield> 
			<subfield code="2">LCSH</subfield> 
		</datafield>
		<datafield tag="600" ind1="1" ind2="0"> 
			<subfield code="a">Poirot, Hercule</subfield>
			<subfield code="0">http://viaf.org/viaf/111145541825196601000</subfield>
			<subfield code="4">dpc</subfield> 
			<subfield code="v">Skjønnlitteratur.</subfield> 
		</datafield> 
		<datafield tag="650" ind1=" " ind2="0"> 
			<subfield code="a">Detektiver</subfield> 
		</datafield> 
		<datafield tag="650" ind1=" " ind2="0"> 
			<subfield code="a">Privatetterforskere</subfield>
			<subfield code="z">England</subfield> 
		</datafield> 
		<datafield tag="655" ind1=" " ind2="4"> 
			<subfield code="a">Kriminal</subfield> 
		</datafield>
		<datafield tag="700" ind1=" " ind2=" ">
			<subfield code="a">Christie, Agatha</subfield>
			<subfield code="4">aut</subfield>
			<subfield code="d">1890-1976.</subfield>
			<subfield code="t">Poirots early cases</subfield>
			<subfield code="0">http://viaf.org/viaf/2222153653281055900007</subfield>
			<subfield code="i">Adaptation of work</subfield>
			<subfield code="4">http://rdaregistry.info/Elements/w/adaptationOfWork.en</subfield>
		</datafield>
		<datafield tag="700" ind1="1" ind2=" ">
			<subfield code="a">Bergström, Britte-Marie</subfield>
			<subfield code="0">http://viaf.org/viaf/249763978</subfield>
			<subfield code="4">trl</subfield>
			<subfield code="d">1920-2005</subfield>
			<subfield code="e">overs.</subfield>
		</datafield>
		<datafield tag="700" ind1="1" ind2=" ">
			<subfield code="a">Bergqvist, Hans</subfield>
			<subfield code="0">http://viaf.org/viaf/831145857125022921542</subfield>
			<subfield code="4">nrt</subfield>
			<subfield code="d">1922-</subfield>
			<subfield code="e">forteller</subfield>
		</datafield>
	</record>