
	<record>
		<leader>00748cam a22002055a 4500</leader>
		<controlfield tag="001">22416736</controlfield>
		<controlfield tag="003">LIBRIS</controlfield>
		<controlfield tag="008">180201s2011    us |||||||||||00| 1|eng c</controlfield>
		<datafield tag="020" ind1=" " ind2=" ">
			<subfield code="a">9780062073716</subfield>
		</datafield>
		<datafield tag="035" ind1=" " ind2=" ">
			<subfield code="a">(Adlibris)9780062073716</subfield>
		</datafield>
		<datafield tag="082" ind1="0" ind2="4">
			<subfield code="a">810</subfield>
			<subfield code="2">22</subfield>
		</datafield>
		<datafield tag="084" ind1=" " ind2=" ">
			<subfield code="a">Heq</subfield>
			<subfield code="2">kssb/8</subfield>
		</datafield>
		<datafield tag="100" ind1="1" ind2=" ">
			<subfield code="a">Christie, Agatha</subfield>
			<subfield code="0">http://viaf.org/viaf/71388952</subfield>
			<subfield code="4">aut</subfield>
			<subfield code="d">1890-1976</subfield>
		</datafield>
		<datafield tag="240" ind1="1" ind2="0">
			<subfield code="a">Short stories</subfield>
			<subfield code="k">Selections</subfield>
			<subfield code="0">http://viaf.org/viaf/179178938</subfield>
		</datafield>
		<datafield tag="245" ind1="1" ind2="0">
			<subfield code="a">Miss Marple: The Complete Short Stories:</subfield>
			<subfield code="b">A Miss Marple Collection</subfield>
			<subfield code="c">Agatha Christie</subfield>
		</datafield>
		<datafield tag="260" ind1=" " ind2=" ">
			<subfield code="b">William Morrow &amp; Company,</subfield>
			<subfield code="c">2011</subfield>
		</datafield>
		<datafield tag="300" ind1=" " ind2=" ">
			<subfield code="a">384 s.</subfield>
			<subfield code="c">2.8 cm</subfield>
		</datafield>
		<datafield tag="336" ind1=" " ind2=" ">
			<subfield code="a">text</subfield>
			<subfield code="b">txt</subfield>
			<subfield code="2">rdacontent</subfield>
			<subfield code="0">http://rdaregistry.info/termList/RDAContentType/1020</subfield>
		</datafield>
		<datafield tag="337" ind1=" " ind2=" ">
			<subfield code="a">unmediated</subfield>
			<subfield code="b">umd</subfield>
			<subfield code="2">rdamedia</subfield>
			<subfield code="0">http://rdaregistry.info/termList/RDAMediaType/1007</subfield>
		</datafield>
		<datafield tag="338" ind1=" " ind2=" ">
			<subfield code="a">volume</subfield>
			<subfield code="b">vol</subfield>
			<subfield code="2">rdacarrier</subfield>
			<subfield code="0">http://rdaregistry.info/termList/RDACarrierType/1049</subfield>
		</datafield>
		<datafield tag="380" ind1=" " ind2=" "> 
			<subfield code="a">Noveller</subfield> 
			<subfield code="0">http://id.loc.gov/authorities/genreForms/gf2014026542.html</subfield> 
			<subfield code="2">LCSH</subfield> 
		</datafield>
		<datafield tag="600" ind1="1" ind2="0"> 
			<subfield code="a">Marple, Jane</subfield>
			<subfield code="0">http://viaf.org/viaf/20152329368502672984</subfield>
			<subfield code="4">dpc</subfield> 
			<subfield code="v">Skjønnlitteratur.</subfield> 
		</datafield>
		<datafield tag="650" ind1=" " ind2="0"> 
			<subfield code="a">Detektiver</subfield>
			<subfield code="z">England</subfield> 
		</datafield>
		<datafield tag="650" ind1=" " ind2="0">
			<subfield code="a">Kvinnelige detektiver</subfield>
		</datafield>
		<datafield tag="655" ind1=" " ind2="4"> 
			<subfield code="a">Kriminal</subfield> 
		</datafield>
		<datafield tag="700" ind1=" " ind2="2">
			<subfield code="a">Christie, Agatha</subfield>
			<subfield code="4">aut</subfield>
			<subfield code="d">1890-1976.</subfield>
			<subfield code="t">Miss Marple and the thirteen problems</subfield>
			<subfield code="0">http://viaf.org/viaf/177962625</subfield>
		</datafield>
		<datafield tag="700" ind1=" " ind2="2">
			<subfield code="a">Christie, Agatha</subfield>
			<subfield code="4">aut</subfield>
			<subfield code="d">1890-1976.</subfield>
			<subfield code="t">Miss Marple's final cases</subfield>
			<subfield code="0">http://viaf.org/viaf/7587148574284324430003</subfield>
		</datafield>
	</record>