
	<record>
		<leader>01155cam a22003018i 4500</leader>
		<controlfield tag="001">21747403</controlfield>
		<controlfield tag="003">LIBRIS</controlfield>
		<controlfield tag="008">171018s2015    xx |||||||||||000 0|eng|d</controlfield>
		<datafield tag="020" ind1=" " ind2=" ">
			<subfield code="a">9781785291944</subfield>
		</datafield>
		<datafield tag="035" ind1=" " ind2=" ">
			<subfield code="a">(BOKR)9781785291944</subfield>
		</datafield>
		<datafield tag="040" ind1=" " ind2=" ">
			<subfield code="a">BOKR</subfield>
			<subfield code="e">i</subfield>
		</datafield>
		<datafield tag="041" ind1=" " ind2=" ">
			<subfield code="a">eng</subfield>
		</datafield>
		<datafield tag="100" ind1="1" ind2=" ">
			<subfield code="a">Christie, Agatha</subfield>
			<subfield code="0">http://viaf.org/viaf/71388952</subfield>
			<subfield code="4">aut</subfield>
			<subfield code="d">1890-1976</subfield>
		</datafield>
		<datafield tag="240" ind1=" " ind2=" ">
			<subfield code="a">Miss Marple's final cases</subfield>
			<subfield code="0">http://viaf.org/viaf/7587148574284324430003</subfield>
		</datafield>
		<datafield tag="245" ind1="1" ind2="0">
			<subfield code="a">Miss Marples final cases </subfield>
			<subfield code="b">three new bbc radio 4 full-cast dramas</subfield>
		</datafield>
		<datafield tag="264" ind1=" " ind2="1">
			<subfield code="b">Bbc Audio, A Division Of Rando,</subfield>
			<subfield code="c">2015</subfield>
		</datafield>
		<datafield tag="300" ind1=" " ind2=" ">
			<subfield code="a">87 s.</subfield>
			<subfield code="c">12.7 cm</subfield>
		</datafield>
		<datafield tag="336" ind1=" " ind2=" ">
			<subfield code="a">spoken word</subfield>
			<subfield code="b">spw</subfield>
			<subfield code="2">rdacontent</subfield>
			<subfield code="0">http://rdaregistry.info/termList/RDAContentType/1013</subfield>
		</datafield>
		<datafield tag="337" ind1=" " ind2=" ">
			<subfield code="a">audio</subfield>
			<subfield code="b">a</subfield>
			<subfield code="2">rdamedia</subfield>
			<subfield code="0">http://rdaregistry.info/termList/RDAMediaType/1001</subfield>
		</datafield>
		<datafield tag="338" ind1=" " ind2=" ">
			<subfield code="a">audio disc</subfield>
			<subfield code="b">ad</subfield>
			<subfield code="2">rdacarrier</subfield>
			<subfield code="0">http://rdaregistry.info/termList/RDACarrierType/1004</subfield>
		</datafield>
		<datafield tag="380" ind1=" " ind2=" "> 
			<subfield code="a">Radio program</subfield> 
			<subfield code="0">http://id.loc.gov/authorities/genreForms/gf2011026506</subfield> 
			<subfield code="2">LCSH</subfield> 
		</datafield>
		<datafield tag="600" ind1="1" ind2="0"> 
			<subfield code="a">Marple, Jane</subfield>
			<subfield code="0">http://viaf.org/viaf/20152329368502672984</subfield>
			<subfield code="4">dpc</subfield> 
			<subfield code="v">Skjønnlitteratur.</subfield> 
		</datafield>
		<datafield tag="650" ind1=" " ind2="0"> 
			<subfield code="a">Detektiver</subfield>
			<subfield code="z">England</subfield> 
		</datafield>
		<datafield tag="650" ind1=" " ind2="0">
			<subfield code="a">Kvinnelige detektiver</subfield>
		</datafield>
		<datafield tag="655" ind1=" " ind2="4"> 
			<subfield code="a">Kriminal</subfield> 
		</datafield>
		<datafield tag="700" ind1=" " ind2=" ">
			<subfield code="a">Christie, Agatha</subfield>
			<subfield code="4">aut</subfield>
			<subfield code="d">1890-1976.</subfield>
			<subfield code="a">Miss Marple's final cases</subfield>
			<subfield code="0">http://viaf.org/viaf/7587148574284324430003</subfield>
			<subfield code="i">Adapted as radio program</subfield>
			<subfield code="4">http://rdaregistry.info/Elements/w/adaptedAsRadioProgramWork.en</subfield>
		</datafield>
	</record>