
	<record>
		<leader>01165cam a22003138i 4500</leader>
		<controlfield tag="001">21665384</controlfield>
		<controlfield tag="003">LIBRIS</controlfield>
		<controlfield tag="008">171009s2009    xx |||||||||||000 0|eng|d</controlfield>
		<datafield tag="020" ind1=" " ind2=" ">
			<subfield code="a">9780007351169</subfield>
		</datafield>
		<datafield tag="035" ind1=" " ind2=" ">
			<subfield code="a">(BOKR)9780007351169</subfield>
		</datafield>
		<datafield tag="040" ind1=" " ind2=" ">
			<subfield code="a">BOKR</subfield>
			<subfield code="e">i</subfield>
		</datafield>
		<datafield tag="041" ind1=" " ind2=" ">
			<subfield code="a">eng</subfield>
		</datafield>
		<datafield tag="100" ind1="1" ind2=" ">
			<subfield code="a">Christie, Agatha</subfield>
			<subfield code="0">http://viaf.org/viaf/71388952</subfield>
			<subfield code="4">aut</subfield>
			<subfield code="d">1890-1976</subfield>
		</datafield>
		<datafield tag="245" ind1="1" ind2="0">
			<subfield code="a">Complete miss marple - volume 2 </subfield>
			<subfield code="b">the later years</subfield>
		</datafield>
		<datafield tag="246" ind1="1" ind2="4">
			<subfield code="a">The complete miss marple</subfield>
		</datafield>
		<datafield tag="264" ind1=" " ind2="1">
			<subfield code="b">Harpercollins Publishers,</subfield>
			<subfield code="c">2009</subfield>
		</datafield>
		<datafield tag="300" ind1=" " ind2=" ">
			<subfield code="c">16.4 cm</subfield>
		</datafield>
		<datafield tag="336" ind1=" " ind2=" ">
			<subfield code="a">spoken word</subfield>
			<subfield code="b">spw</subfield>
			<subfield code="2">rdacontent</subfield>
			<subfield code="0">http://rdaregistry.info/termList/RDAContentType/1013</subfield>
		</datafield>
		<datafield tag="337" ind1=" " ind2=" ">
			<subfield code="a">audio</subfield>
			<subfield code="b">a</subfield>
			<subfield code="2">rdamedia</subfield>
			<subfield code="0">http://rdaregistry.info/termList/RDAMediaType/1001</subfield>
		</datafield>
		<datafield tag="338" ind1=" " ind2=" ">
			<subfield code="a">audio disc</subfield>
			<subfield code="b">ad</subfield>
			<subfield code="2">rdacarrier</subfield>
			<subfield code="0">http://rdaregistry.info/termList/RDACarrierType/1004</subfield>
		</datafield>
		<datafield tag="380" ind1=" " ind2=" "> 
			<subfield code="a">Roman</subfield> 
			<subfield code="0">http://id.loc.gov/authorities/genreForms/gf2015026020</subfield> 
			<subfield code="2">LCSH</subfield> 
		</datafield>
		<datafield tag="600" ind1="1" ind2="0"> 
			<subfield code="a">Marple, Jane</subfield>
			<subfield code="0">http://viaf.org/viaf/20152329368502672984</subfield>
			<subfield code="4">dpc</subfield> 
			<subfield code="v">Skjønnlitteratur.</subfield> 
		</datafield>
		<datafield tag="650" ind1=" " ind2="0"> 
			<subfield code="a">Detektiver</subfield>
			<subfield code="z">England</subfield> 
		</datafield>
		<datafield tag="650" ind1=" " ind2="0">
			<subfield code="a">Kvinnelige detektiver</subfield>
		</datafield>
		<datafield tag="655" ind1=" " ind2="4"> 
			<subfield code="a">Kriminal</subfield> 
		</datafield>
		<datafield tag="700" ind1=" " ind2=" ">
			<subfield code="a">Christie, Agatha</subfield>
			<subfield code="4">aut</subfield>
			<subfield code="d">1890-1976.</subfield>
			<subfield code="t">4:50 from Paddington</subfield>
			<subfield code="0">http://viaf.org/viaf/176021540</subfield>
			<subfield code="i">Adaptation of work</subfield>
			<subfield code="4">http://rdaregistry.info/Elements/w/adaptationOfWork.en</subfield>
		</datafield>
		<datafield tag="700" ind1=" " ind2=" ">
			<subfield code="a">Christie, Agatha</subfield>
			<subfield code="4">aut</subfield>
			<subfield code="d">1890-1976.</subfield>
			<subfield code="t">The mirror crack'd from side to side</subfield>
			<subfield code="0">http://viaf.org/viaf/308553963</subfield>
			<subfield code="i">Adaptation of work</subfield>
			<subfield code="4">http://rdaregistry.info/Elements/w/adaptationOfWork.en</subfield>
		</datafield>
		<datafield tag="700" ind1=" " ind2=" ">
			<subfield code="a">Christie, Agatha</subfield>
			<subfield code="4">aut</subfield>
			<subfield code="d">1890-1976.</subfield>
			<subfield code="t">A Caribbean mystery</subfield>
			<subfield code="0">http://viaf.org/viaf/182019214</subfield>
			<subfield code="i">Adaptation of work</subfield>
			<subfield code="4">http://rdaregistry.info/Elements/w/adaptationOfWork.en</subfield>
		</datafield>
		<datafield tag="700" ind1=" " ind2=" ">
			<subfield code="a">Christie, Agatha</subfield>
			<subfield code="4">aut</subfield>
			<subfield code="d">1890-1976.</subfield>
			<subfield code="t">At Bertram's hotel</subfield>
			<subfield code="0">http://viaf.org/viaf/7037151474835800490008</subfield>
			<subfield code="i">Adaptation of work</subfield>
			<subfield code="4">http://rdaregistry.info/Elements/w/adaptationOfWork.en</subfield>
		</datafield>
		<datafield tag="700" ind1=" " ind2=" ">
			<subfield code="a">Christie, Agatha</subfield>
			<subfield code="4">aut</subfield>
			<subfield code="d">1890-1976.</subfield>
			<subfield code="t">Nemesis</subfield>
			<subfield code="0">http://viaf.org/viaf/177374432</subfield>
			<subfield code="i">Adaptation of work</subfield>
			<subfield code="4">http://rdaregistry.info/Elements/w/adaptationOfWork.en</subfield>
		</datafield>
		<datafield tag="700" ind1=" " ind2=" ">
			<subfield code="a">Christie, Agatha</subfield>
			<subfield code="4">aut</subfield>
			<subfield code="d">1890-1976.</subfield>
			<subfield code="t">Sleeping murder</subfield>
			<subfield code="0">http://viaf.org/viaf/2352154501898439210001</subfield>
			<subfield code="i">Adaptation of work</subfield>
			<subfield code="4">http://rdaregistry.info/Elements/w/adaptationOfWork.en</subfield>
		</datafield>
	</record>