
	<record>
		<leader>00529nam a22001575a 4500</leader>
		<controlfield tag="001">16480609</controlfield>
		<controlfield tag="003">LIBRIS</controlfield>
		<controlfield tag="005">20140505185850.0</controlfield>
		<controlfield tag="008">140505s2011    xx |||||      ||| ||eng c</controlfield>
		<datafield tag="020" ind1=" " ind2=" ">
			<subfield code="a">9780062073587</subfield>
		</datafield>
		<datafield tag="035" ind1=" " ind2=" ">
			<subfield code="a">BTJ857489</subfield>
		</datafield>
		<datafield tag="100" ind1="1" ind2=" ">
			<subfield code="a">Christie, Agatha</subfield>
			<subfield code="0">http://viaf.org/viaf/71388952</subfield>
			<subfield code="4">aut</subfield>
			<subfield code="d">1890-1976</subfield>
		</datafield>
		<datafield tag="240" ind1=" " ind2=" ">
			<subfield code="a">The A.B.C. murders</subfield>
			<subfield code="0">http://viaf.org/viaf/308552019</subfield>
		</datafield>
		<datafield tag="245" ind1="1" ind2="0">
			<subfield code="a">A.B.C. Murders, The</subfield>
			<subfield code="c">Agatha Christie</subfield>
		</datafield>
		<datafield tag="336" ind1=" " ind2=" ">
			<subfield code="a">text</subfield>
			<subfield code="b">txt</subfield>
			<subfield code="2">rdacontent</subfield>
			<subfield code="0">http://rdaregistry.info/termList/RDAContentType/1020</subfield>
		</datafield>
		<datafield tag="337" ind1=" " ind2=" ">
			<subfield code="a">unmediated</subfield>
			<subfield code="b">umd</subfield>
			<subfield code="2">rdamedia</subfield>
			<subfield code="0">http://rdaregistry.info/termList/RDAMediaType/1007</subfield>
		</datafield>
		<datafield tag="338" ind1=" " ind2=" ">
			<subfield code="a">volume</subfield>
			<subfield code="b">vol</subfield>
			<subfield code="2">rdacarrier</subfield>
			<subfield code="0">http://rdaregistry.info/termList/RDACarrierType/1049</subfield>
		</datafield>
		<datafield tag="380" ind1=" " ind2=" "> 
			<subfield code="a">Roman</subfield> 
			<subfield code="0">http://id.loc.gov/authorities/genreForms/gf2015026020</subfield> 
			<subfield code="2">LCSH</subfield> 
		</datafield>
		<datafield tag="600" ind1="1" ind2="0"> 
			<subfield code="a">Poirot, Hercule</subfield>
			<subfield code="0">http://viaf.org/viaf/111145541825196601000</subfield>
			<subfield code="4">dpc</subfield> 
			<subfield code="v">Skjønnlitteratur.</subfield> 
		</datafield> 
		<datafield tag="650" ind1=" " ind2="0"> 
			<subfield code="a">Detektiver</subfield> 
		</datafield> 
		<datafield tag="650" ind1=" " ind2="0"> 
			<subfield code="a">Privatetterforskere</subfield>
			<subfield code="z">England</subfield> 
		</datafield> 
		<datafield tag="655" ind1=" " ind2="4"> 
			<subfield code="a">Kriminal</subfield> 
		</datafield>
	</record>