
	<record>
		<leader>02173nam a22004937a 4500</leader>
		<controlfield tag="001">19468935</controlfield>
		<controlfield tag="003">LIBRIS</controlfield>
		<controlfield tag="005">20160520150132.0</controlfield>
		<controlfield tag="008">160520s2001    it ||||      |00| f|ita c</controlfield>
		<datafield tag="040" ind1=" " ind2=" ">
			<subfield code="a">Vasb</subfield>
		</datafield>
		<datafield tag="082" ind1="0" ind2="4">
			<subfield code="a"> </subfield>
			<subfield code="2">23/swe</subfield>
		</datafield>
		<datafield tag="084" ind1=" " ind2=" ">
			<subfield code="a">Hiee.01</subfield>
			<subfield code="2">kssb/8</subfield>
		</datafield>
		<datafield tag="100" ind1="1" ind2=" ">
			<subfield code="a">Christie, Agatha</subfield>
			<subfield code="0">http://viaf.org/viaf/71388952</subfield>
			<subfield code="4">aut</subfield>
			<subfield code="d">1890-1976</subfield>
		</datafield>
		<datafield tag="240" ind1="1" ind2="4">
			<subfield code="a">The mysterious affair at Styles</subfield>
			<subfield code="0">http://viaf.org/viaf/228691003</subfield>
			<subfield code="l">Italienska</subfield>
		</datafield>
		<datafield tag="245" ind1="1" ind2="0">
			<subfield code="a">Poirot a Styles Court</subfield>
			<subfield code="c">[Agatha Christie] ; traduzione di Diana Fonticoli</subfield>
		</datafield>
		<datafield tag="260" ind1=" " ind2=" ">
			<subfield code="a">Milano :</subfield>
			<subfield code="b">Hachette,</subfield>
			<subfield code="c">2001</subfield>
		</datafield>
		<datafield tag="300" ind1=" " ind2=" ">
			<subfield code="a">187 s.</subfield>
		</datafield>
		<datafield tag="336" ind1=" " ind2=" ">
			<subfield code="a">text</subfield>
			<subfield code="b">txt</subfield>
			<subfield code="2">rdacontent</subfield>
			<subfield code="0">http://rdaregistry.info/termList/RDAContentType/1020</subfield>
		</datafield>
		<datafield tag="337" ind1=" " ind2=" ">
			<subfield code="a">unmediated</subfield>
			<subfield code="b">umd</subfield>
			<subfield code="2">rdamedia</subfield>
			<subfield code="0">http://rdaregistry.info/termList/RDAMediaType/1007</subfield>
		</datafield>
		<datafield tag="338" ind1=" " ind2=" ">
			<subfield code="a">volume</subfield>
			<subfield code="b">vol</subfield>
			<subfield code="2">rdacarrier</subfield>
			<subfield code="0">http://rdaregistry.info/termList/RDACarrierType/1049</subfield>
		</datafield>
		<datafield tag="380" ind1=" " ind2=" "> 
			<subfield code="a">Roman</subfield> 
			<subfield code="0">http://id.loc.gov/authorities/genreForms/gf2015026020</subfield> 
			<subfield code="2">LCSH</subfield> 
		</datafield>
		<datafield tag="490" ind1="0" ind2=" ">
			<subfield code="a">I grandi gialli di Agatha Christie</subfield>
		</datafield>
		<datafield tag="600" ind1="1" ind2="0"> 
			<subfield code="a">Poirot, Hercule</subfield>
			<subfield code="0">http://viaf.org/viaf/111145541825196601000</subfield>
			<subfield code="4">dpc</subfield> 
			<subfield code="v">Skjønnlitteratur.</subfield> 
		</datafield> 
		<datafield tag="650" ind1=" " ind2="0"> 
			<subfield code="a">Detektiver</subfield> 
		</datafield> 
		<datafield tag="650" ind1=" " ind2="0"> 
			<subfield code="a">Privatetterforskere</subfield>
			<subfield code="z">England</subfield> 
		</datafield> 
		<datafield tag="655" ind1=" " ind2="4"> 
			<subfield code="a">Kriminal</subfield> 
		</datafield>
		<datafield tag="700" ind1="1" ind2=" ">
			<subfield code="a">Fonticoli, Diana</subfield>
			<subfield code="0">http://viaf.org/viaf/219155042710972401251</subfield>
			<subfield code="4">trl</subfield>
			<subfield code="e">overs.</subfield>
		</datafield>
		<datafield tag="800" ind1="1" ind2=" ">
			<subfield code="a">Christie, Agatha</subfield>
			<subfield code="0">http://viaf.org/viaf/71388952</subfield>
			<subfield code="4">aut</subfield>
			<subfield code="d">1890-1976</subfield>
		</datafield>
	</record>