
	<record>
		<leader>01819nam a22004093a 4500</leader>
		<controlfield tag="001">18773574</controlfield>
		<controlfield tag="003">LIBRIS</controlfield>
		<controlfield tag="005">20151209122900.0</controlfield>
		<controlfield tag="008">151209s1982    xxk           000 1 eng d</controlfield>
		<datafield tag="020" ind1=" " ind2=" ">
			<subfield code="a">0006165338</subfield>
		</datafield>
		<datafield tag="020" ind1=" " ind2=" ">
			<subfield code="a">9780006165330</subfield>
		</datafield>
		<datafield tag="035" ind1=" " ind2=" ">
			<subfield code="a">(OCoLC)ocn919946175</subfield>
		</datafield>
		<datafield tag="040" ind1=" " ind2=" ">
			<subfield code="a">ESPLC</subfield>
			<subfield code="b">spa</subfield>
			<subfield code="c">ESPLC</subfield>
			<subfield code="d">Jm</subfield>
		</datafield>
		<datafield tag="080" ind1=" " ind2=" ">
			<subfield code="a">821.111-31"19"</subfield>
		</datafield>
		<datafield tag="100" ind1="1" ind2=" ">
			<subfield code="a">Christie, Agatha</subfield>
			<subfield code="0">http://viaf.org/viaf/71388952</subfield>
			<subfield code="4">aut</subfield>
			<subfield code="d">1890-1976</subfield>
		</datafield>
		<datafield tag="240" ind1=" " ind2=" ">
			<subfield code="a">Sleeping murder</subfield>
			<subfield code="0">http://viaf.org/viaf/2352154501898439210001</subfield>
		</datafield>
		<datafield tag="245" ind1="1" ind2="0">
			<subfield code="a">Sleeping Murder</subfield>
			<subfield code="b">Miss Marple's Last Case</subfield>
			<subfield code="c">Agatha Christie</subfield>
		</datafield>
		<datafield tag="250" ind1=" " ind2=" ">
			<subfield code="a">8th ed</subfield>
		</datafield>
		<datafield tag="260" ind1=" " ind2=" ">
			<subfield code="a">Glasgow :</subfield>
			<subfield code="b">Fontana,</subfield>
			<subfield code="c">1982</subfield>
		</datafield>
		<datafield tag="300" ind1=" " ind2=" ">
			<subfield code="a">192 s.</subfield>
			<subfield code="c">18 cm</subfield>
		</datafield>
		<datafield tag="336" ind1=" " ind2=" ">
			<subfield code="a">text</subfield>
			<subfield code="b">txt</subfield>
			<subfield code="2">rdacontent</subfield>
			<subfield code="0">http://rdaregistry.info/termList/RDAContentType/1020</subfield>
		</datafield>
		<datafield tag="337" ind1=" " ind2=" ">
			<subfield code="a">unmediated</subfield>
			<subfield code="b">umd</subfield>
			<subfield code="2">rdamedia</subfield>
			<subfield code="0">http://rdaregistry.info/termList/RDAMediaType/1007</subfield>
		</datafield>
		<datafield tag="338" ind1=" " ind2=" ">
			<subfield code="a">volume</subfield>
			<subfield code="b">vol</subfield>
			<subfield code="2">rdacarrier</subfield>
			<subfield code="0">http://rdaregistry.info/termList/RDACarrierType/1049</subfield>
		</datafield>
		<datafield tag="380" ind1=" " ind2=" "> 
			<subfield code="a">Roman</subfield> 
			<subfield code="0">http://id.loc.gov/authorities/genreForms/gf2015026020</subfield> 
			<subfield code="2">LCSH</subfield> 
		</datafield>
		<datafield tag="600" ind1="1" ind2="0"> 
			<subfield code="a">Marple, Jane</subfield>
			<subfield code="0">http://viaf.org/viaf/20152329368502672984</subfield>
			<subfield code="4">dpc</subfield> 
			<subfield code="v">Skjønnlitteratur.</subfield> 
		</datafield>
		<datafield tag="650" ind1=" " ind2="0"> 
			<subfield code="a">Detektiver</subfield>
			<subfield code="z">England</subfield> 
		</datafield>
		<datafield tag="650" ind1=" " ind2="0">
			<subfield code="a">Kvinnelige detektiver</subfield>
		</datafield>
		<datafield tag="655" ind1=" " ind2="4"> 
			<subfield code="a">Kriminal</subfield> 
		</datafield>
	</record>