
	<record>
		<leader>01721cam a2200373 a 4500</leader>
		<controlfield tag="001">14953978</controlfield>
		<controlfield tag="005">20160602085003.0</controlfield>
		<controlfield tag="008">070806r20071959nyu           000 1 eng  </controlfield>
		<datafield tag="010" ind1=" " ind2=" ">
			<subfield code="a">  2007032116</subfield>
		</datafield>
		<datafield tag="020" ind1=" " ind2=" ">
			<subfield code="a">9781579127336</subfield>
		</datafield>
		<datafield tag="020" ind1=" " ind2=" ">
			<subfield code="a">1579127339</subfield>
		</datafield>
		<datafield tag="035" ind1=" " ind2=" ">
			<subfield code="a">(OCoLC)ocn163604807</subfield>
		</datafield>
		<datafield tag="035" ind1=" " ind2=" ">
			<subfield code="a">(OCoLC)163604807</subfield>
			<subfield code="z">(OCoLC)154694422</subfield>
		</datafield>
		<datafield tag="040" ind1=" " ind2=" ">
			<subfield code="a">DLC</subfield>
			<subfield code="c">DLC</subfield>
			<subfield code="d">DLC</subfield>
		</datafield>
		<datafield tag="043" ind1=" " ind2=" ">
			<subfield code="a">e-uk-en</subfield>
		</datafield>
		<datafield tag="050" ind1="0" ind2="0">
			<subfield code="a">PR6005.H66</subfield>
			<subfield code="b">C3 2007</subfield>
		</datafield>
		<datafield tag="082" ind1="0" ind2="0">
			<subfield code="a">823/.912</subfield>
			<subfield code="2">22</subfield>
		</datafield>
		<datafield tag="100" ind1="1" ind2=" ">
			<subfield code="a">Christie, Agatha</subfield>
			<subfield code="0">http://viaf.org/viaf/71388952</subfield>
			<subfield code="4">aut</subfield>
			<subfield code="d">1890-1976</subfield>
		</datafield>
		<datafield tag="240" ind1=" " ind2=" ">
			<subfield code="a">Cat among pigeons</subfield>
			<subfield code="0">http://viaf.org/viaf/174999513</subfield>
		</datafield>		
		<datafield tag="245" ind1="1" ind2="0">
			<subfield code="a">Cat among the pigeons:</subfield>
			<subfield code="b">a Hercule Poirot mystery</subfield>
			<subfield code="c">Agatha Christie</subfield>
		</datafield>
		<datafield tag="260" ind1=" " ind2=" ">
			<subfield code="a">New York :</subfield>
			<subfield code="b">Black Dog &amp; Leventhal Publishers :</subfield>
			<subfield code="b">Distributed by Workman Pub. Co.,</subfield>
			<subfield code="c">[2007]</subfield>
		</datafield>
		<datafield tag="300" ind1=" " ind2=" ">
			<subfield code="a">297 s.</subfield>
			<subfield code="c">22 cm.</subfield>
		</datafield>
		<datafield tag="336" ind1=" " ind2=" ">
			<subfield code="a">text</subfield>
			<subfield code="b">txt</subfield>
			<subfield code="2">rdacontent</subfield>
			<subfield code="0">http://rdaregistry.info/termList/RDAContentType/1020</subfield>
		</datafield>
		<datafield tag="337" ind1=" " ind2=" ">
			<subfield code="a">unmediated</subfield>
			<subfield code="b">umd</subfield>
			<subfield code="2">rdamedia</subfield>
			<subfield code="0">http://rdaregistry.info/termList/RDAMediaType/1007</subfield>
		</datafield>
		<datafield tag="338" ind1=" " ind2=" ">
			<subfield code="a">volume</subfield>
			<subfield code="b">vol</subfield>
			<subfield code="2">rdacarrier</subfield>
			<subfield code="0">http://rdaregistry.info/termList/RDACarrierType/1049</subfield>
		</datafield>
		<datafield tag="380" ind1=" " ind2=" "> 
			<subfield code="a">Roman</subfield> 
			<subfield code="0">http://id.loc.gov/authorities/genreForms/gf2015026020</subfield> 
			<subfield code="2">LCSH</subfield> 
		</datafield>
		<datafield tag="600" ind1="1" ind2="0"> 
			<subfield code="a">Poirot, Hercule</subfield>
			<subfield code="0">http://viaf.org/viaf/111145541825196601000</subfield>
			<subfield code="4">dpc</subfield> 
			<subfield code="v">Skjønnlitteratur.</subfield> 
		</datafield> 
		<datafield tag="650" ind1=" " ind2="0"> 
			<subfield code="a">Detektiver</subfield> 
		</datafield> 
		<datafield tag="650" ind1=" " ind2="0"> 
			<subfield code="a">Privatetterforskere</subfield>
			<subfield code="z">England</subfield> 
		</datafield> 
		<datafield tag="655" ind1=" " ind2="4"> 
			<subfield code="a">Kriminal</subfield> 
		</datafield> 
		<datafield tag="856" ind1="4" ind2="1">
			<subfield code="3">Table of contents only</subfield>
			<subfield code="u">http://www.loc.gov/catdir/toc/ecip0724/2007032116.html</subfield>
		</datafield>
		<datafield tag="856" ind1="4" ind2="2">
			<subfield code="3">Publisher description</subfield>
			<subfield code="u">http://www.loc.gov/catdir/enhancements/fy0908/2007032116-d.html</subfield>
		</datafield>
	</record>