
	<record>
		<leader>00969cam a2200253 a 4500</leader>
		<controlfield tag="001">2351756</controlfield>
		<controlfield tag="005">20160602084813.0</controlfield>
		<controlfield tag="008">831212s1984    nyu           000 1 eng  </controlfield>
		<datafield tag="010" ind1=" " ind2=" ">
			<subfield code="a">   83026251 </subfield>
		</datafield>
		<datafield tag="020" ind1=" " ind2=" ">
			<subfield code="a">0517439999</subfield>
		</datafield>
		<datafield tag="035" ind1=" " ind2=" ">
			<subfield code="9">(DLC)   83026251</subfield>
		</datafield>
		<datafield tag="040" ind1=" " ind2=" ">
			<subfield code="a">DLC</subfield>
			<subfield code="c">DLC</subfield>
			<subfield code="d">DLC</subfield>
		</datafield>
		<datafield tag="050" ind1="0" ind2="0">
			<subfield code="a">PR6005.H66</subfield>
			<subfield code="b">A6 1984</subfield>
		</datafield>
		<datafield tag="082" ind1="0" ind2="0">
			<subfield code="a">823/.912</subfield>
			<subfield code="2">19</subfield>
		</datafield>
		<datafield tag="100" ind1="1" ind2=" ">
			<subfield code="a">Christie, Agatha</subfield>
			<subfield code="0">http://viaf.org/viaf/71388952</subfield>
			<subfield code="4">aut</subfield>
			<subfield code="d">1890-1976</subfield>
		</datafield>
		<datafield tag="245" ind1="1" ind2="0">
			<subfield code="a">Five complete Hercule Poirot novels</subfield>
			<subfield code="c">Agatha Christie</subfield>
		</datafield>
		<datafield tag="260" ind1=" " ind2=" ">
			<subfield code="a">New York :</subfield>
			<subfield code="b">Chatham River Press,</subfield>
			<subfield code="c">1984.</subfield>
		</datafield>
		<datafield tag="300" ind1=" " ind2=" ">
			<subfield code="a">663 s. ;</subfield>
			<subfield code="c">24 cm.</subfield>
		</datafield>
		<datafield tag="336" ind1=" " ind2=" ">
			<subfield code="a">text</subfield>
			<subfield code="b">txt</subfield>
			<subfield code="2">rdacontent</subfield>
			<subfield code="0">http://rdaregistry.info/termList/RDAContentType/1020</subfield>
		</datafield>
		<datafield tag="337" ind1=" " ind2=" ">
			<subfield code="a">unmediated</subfield>
			<subfield code="b">umd</subfield>
			<subfield code="2">rdamedia</subfield>
			<subfield code="0">http://rdaregistry.info/termList/RDAMediaType/1007</subfield>
		</datafield>
		<datafield tag="338" ind1=" " ind2=" ">
			<subfield code="a">volume</subfield>
			<subfield code="b">vol</subfield>
			<subfield code="2">rdacarrier</subfield>
			<subfield code="0">http://rdaregistry.info/termList/RDACarrierType/1049</subfield>
		</datafield>
		<datafield tag="380" ind1=" " ind2=" "> 
			<subfield code="a">Roman</subfield> 
			<subfield code="0">http://id.loc.gov/authorities/genreForms/gf2015026020</subfield> 
			<subfield code="2">LCSH</subfield> 
		</datafield>
		<datafield tag="505" ind1="0" ind2=" ">
			<subfield code="t">Thirteen at dinner --</subfield>
			<subfield code="t">Murder on the Orient Express --</subfield>
			<subfield code="t">The ABC murders --</subfield>
			<subfield code="t">Cards on the table --</subfield>
			<subfield code="t">Death on the Nile.</subfield>
		</datafield>
		<datafield tag="600" ind1="1" ind2="0"> 
			<subfield code="a">Poirot, Hercule</subfield>
			<subfield code="0">http://viaf.org/viaf/111145541825196601000</subfield>
			<subfield code="4">dpc</subfield> 
			<subfield code="v">Skjønnlitteratur.</subfield> 
		</datafield> 
		<datafield tag="650" ind1=" " ind2="0"> 
			<subfield code="a">Detektiver</subfield> 
		</datafield> 
		<datafield tag="650" ind1=" " ind2="0"> 
			<subfield code="a">Privatetterforskere</subfield>
			<subfield code="z">England</subfield> 
		</datafield> 
		<datafield tag="655" ind1=" " ind2="4"> 
			<subfield code="a">Kriminal</subfield> 
		</datafield> 
		<datafield tag="700" ind1=" " ind2="2">
			<subfield code="a">Christie, Agatha</subfield>
			<subfield code="4">aut</subfield>
			<subfield code="d">1890-1976.</subfield>
			<subfield code="t">Death on the Nile</subfield>
			<subfield code="0">http://viaf.org/viaf/309258229</subfield>
		</datafield>
		<datafield tag="700" ind1=" " ind2="2">
			<subfield code="a">Christie, Agatha</subfield>
			<subfield code="4">aut</subfield>
			<subfield code="d">1890-1976.</subfield>
			<subfield code="t">Murder on the Orient Express</subfield>
			<subfield code="0">http://viaf.org/viaf/316741387</subfield>
		</datafield>
		<datafield tag="700" ind1=" " ind2="2">
			<subfield code="a">Christie, Agatha</subfield>
			<subfield code="4">aut</subfield>
			<subfield code="d">1890-1976.</subfield>
			<subfield code="t">The A.B.C. murders</subfield>
			<subfield code="0">http://viaf.org/viaf/308552019</subfield>
		</datafield>
		<datafield tag="700" ind1=" " ind2="2">
			<subfield code="a">Christie, Agatha</subfield>
			<subfield code="4">aut</subfield>
			<subfield code="d">1890-1976.</subfield>
			<subfield code="t">Cards on the table</subfield>
			<subfield code="0">http://viaf.org/viaf/310911986</subfield>
		</datafield>
		<datafield tag="700" ind1=" " ind2="2">
			<subfield code="a">Christie, Agatha</subfield>
			<subfield code="4">aut</subfield>
			<subfield code="d">1890-1976.</subfield>
			<subfield code="t">Thirteen at dinner</subfield>
			<subfield code="0">http://viaf.org/viaf/217049921</subfield>
		</datafield>
	</record>