
	<record>
		<leader>04078cam a2200505 i 4500</leader>
		<controlfield tag="001">18258753</controlfield>
		<controlfield tag="005">20160602085046.0</controlfield>
		<controlfield tag="008">140807t20132013nyu           000 j eng d</controlfield>
		<datafield tag="010" ind1=" " ind2=" ">
			<subfield code="a">  2014427178</subfield>
		</datafield>
		<datafield tag="020" ind1=" " ind2=" ">
			<subfield code="a">9780062251671</subfield>
		</datafield>
		<datafield tag="020" ind1=" " ind2=" ">
			<subfield code="a">0062251678</subfield>
		</datafield>
		<datafield tag="035" ind1=" " ind2=" ">
			<subfield code="a">(OCoLC)ocn813930780</subfield>
		</datafield>
		<datafield tag="040" ind1=" " ind2=" ">
			<subfield code="a">YDXCP</subfield>
			<subfield code="b">eng</subfield>
			<subfield code="c">YDXCP</subfield>
			<subfield code="e">rda</subfield>
			<subfield code="d">BTCTA</subfield>
			<subfield code="d">OCLCQ</subfield>
			<subfield code="d">BDX</subfield>
			<subfield code="d">HCO</subfield>
			<subfield code="d">WIM</subfield>
			<subfield code="d">CZA</subfield>
			<subfield code="d">OCLCF</subfield>
			<subfield code="d">UVV</subfield>
			<subfield code="d">DLC</subfield>
		</datafield>
		<datafield tag="042" ind1=" " ind2=" ">
			<subfield code="a">lccopycat</subfield>
		</datafield>
		<datafield tag="043" ind1=" " ind2=" ">
			<subfield code="a">e-uk-en</subfield>
		</datafield>
		<datafield tag="050" ind1="0" ind2="0">
			<subfield code="a">PR6005.H66</subfield>
			<subfield code="b">A6 2013</subfield>
		</datafield>
		<datafield tag="082" ind1="0" ind2="4">
			<subfield code="a">823.912</subfield>
			<subfield code="2">23</subfield>
		</datafield>
		<datafield tag="100" ind1="1" ind2=" ">
			<subfield code="a">Christie, Agatha</subfield>
			<subfield code="0">http://viaf.org/viaf/71388952</subfield>
			<subfield code="4">aut</subfield>
			<subfield code="d">1890-1976</subfield>
		</datafield>
		<datafield tag="240" ind1="1" ind2="0">
			<subfield code="a">Short stories.</subfield>
			<subfield code="k">Selections</subfield>
			<subfield code="0">http://viaf.org/viaf/179178938</subfield>
		</datafield>
		<datafield tag="245" ind1="1" ind2="0">
			<subfield code="a">Hercule Poirot:</subfield>
			<subfield code="b">the complete short stories</subfield>
			<subfield code="c">Agatha Christie ; forward by Charles Todd.</subfield>
		</datafield>
		<datafield tag="264" ind1=" " ind2="1">
			<subfield code="a">New York :</subfield>
			<subfield code="b">William Morrow, an imprint of HarperCollins Publishers,</subfield>
			<subfield code="c">2013.</subfield>
		</datafield>
		<datafield tag="264" ind1=" " ind2="4">
			<subfield code="c">á2013</subfield>
		</datafield>
		<datafield tag="300" ind1=" " ind2=" ">
			<subfield code="a">x, 867 s. ;</subfield>
			<subfield code="c">23 cm</subfield>
		</datafield>
		<datafield tag="336" ind1=" " ind2=" ">
			<subfield code="a">text</subfield>
			<subfield code="b">txt</subfield>
			<subfield code="2">rdacontent</subfield>
			<subfield code="0">http://rdaregistry.info/termList/RDAContentType/1020</subfield>
		</datafield>
		<datafield tag="337" ind1=" " ind2=" ">
			<subfield code="a">unmediated</subfield>
			<subfield code="b">umd</subfield>
			<subfield code="2">rdamedia</subfield>
			<subfield code="0">http://rdaregistry.info/termList/RDAMediaType/1007</subfield>
		</datafield>
		<datafield tag="338" ind1=" " ind2=" ">
			<subfield code="a">volume</subfield>
			<subfield code="b">vol</subfield>
			<subfield code="2">rdacarrier</subfield>
			<subfield code="0">http://rdaregistry.info/termList/RDACarrierType/1049</subfield>
		</datafield>
		<datafield tag="380" ind1=" " ind2=" "> 
			<subfield code="a">Noveller</subfield> 
			<subfield code="0">http://id.loc.gov/authorities/genreForms/gf2014026542.html</subfield> 
			<subfield code="2">LCSH</subfield> 
		</datafield> 
		<datafield tag="500" ind1=" " ind2=" ">
			<subfield code="a">Mer enn 50 historier</subfield>
		</datafield>
		<datafield tag="505" ind1="0" ind2="0">
			<subfield code="t">Forward: Who is Hercule Poirot? --</subfield>
			<subfield code="t">The affair at the Victory Ball --</subfield>
			<subfield code="t">The jewel robbery at the Grand Metropolitan --</subfield>
			<subfield code="t">The king of clubs --</subfield>
			<subfield code="t">The disappearance of Mr. Davenheim --</subfield>
			<subfield code="t">The Plymouth Express --</subfield>
			<subfield code="t">The adventure of "The Western Star" --</subfield>
			<subfield code="t">The tragedy at Marsdon Manor --</subfield>
			<subfield code="t">The kidnapped Prime Minister --</subfield>
			<subfield code="t">The million dollar bond robbery --</subfield>
			<subfield code="t">The adventure of the cheap flat --</subfield>
			<subfield code="t">The mystery of Hunter's Lodge --</subfield>
			<subfield code="t">The chocolate box --</subfield>
			<subfield code="t">The adventure of the Egyptian tomb --</subfield>
			<subfield code="t">The veiled lady --</subfield>
			<subfield code="t">The adventure of Johnnie Waverly --</subfield>
			<subfield code="t">The market basing mystery --</subfield>
			<subfield code="t">The adventure of the Italian nobleman --</subfield>
			<subfield code="t">The case of the missing will --</subfield>
			<subfield code="t">The incredible theft --</subfield>
			<subfield code="t">The adventure of the Clapham cook --</subfield>
			<subfield code="t">The lost mine --</subfield>
			<subfield code="t">The Cornish mystery --The double clue --</subfield>
			<subfield code="t">The theft of the royal baby --</subfield>
			<subfield code="t">The Lemesurier inheritance --</subfield>
			<subfield code="t">The under dog --</subfield>
			<subfield code="t">Double sin --</subfield>
			<subfield code="t">Wasps' nest --</subfield>
			<subfield code="t">The third floor flat --</subfield>
			<subfield code="t">The mystery of the Baghdad chest --</subfield>
			<subfield code="t">Dead man's mirror --</subfield>
			<subfield code="t">How does your garden grow? --</subfield>
			<subfield code="t">Problem at sea --</subfield>
			<subfield code="t">Triangle at Rhodes --</subfield>
			<subfield code="t">Murder in the mews --Yellow iris --</subfield>
			<subfield code="t">The dream --</subfield>
			<subfield code="t">The labors of Hercules --</subfield>
			<subfield code="t">The Nemean lion --</subfield>
			<subfield code="t">The Lernean hydra --</subfield>
			<subfield code="t">The Arcadian deer --</subfield>
			<subfield code="t">The Erymanthian boar --</subfield>
			<subfield code="t">The Augean stables --</subfield>
			<subfield code="t">The Stymphalean birds --</subfield>
			<subfield code="t">The Cretan bull --</subfield>
			<subfield code="t">The horses of Diomedes --</subfield>
			<subfield code="t">The girdle of Hyppolita --</subfield>
			<subfield code="t">The flock of Geryon --</subfield>
			<subfield code="t">The apples of the Hesperides --</subfield>
			<subfield code="t">The capture of Cerberus --</subfield>
			<subfield code="t">Four and twenty blackbirds.</subfield>
		</datafield>	
		<datafield tag="600" ind1="1" ind2="0"> 
			<subfield code="a">Poirot, Hercule</subfield>
			<subfield code="0">http://viaf.org/viaf/111145541825196601000</subfield>
			<subfield code="4">dpc</subfield> 
			<subfield code="v">Skjønnlitteratur.</subfield> 
		</datafield> 
		<datafield tag="650" ind1=" " ind2="0"> 
			<subfield code="a">Detektiver</subfield> 
		</datafield> 
		<datafield tag="650" ind1=" " ind2="0"> 
			<subfield code="a">Privatetterforskere</subfield>
			<subfield code="z">England</subfield> 
		</datafield> 
		<datafield tag="655" ind1=" " ind2="4"> 
			<subfield code="a">Kriminal</subfield> 
		</datafield> 
		<datafield tag="700" ind1="1" ind2=" ">
			<subfield code="a">Todd, Charles,</subfield>
			<subfield code="0">http://viaf.org/viaf/92736159</subfield>
			<subfield code="4">aui</subfield>
			<subfield code="d">1950-</subfield>
			<subfield code="e">medforf.</subfield>
		</datafield>
	</record>