
	<record>
		<leader>01583cgm a22003613a 4500</leader>
		<controlfield tag="001">13834122</controlfield>
		<controlfield tag="005">20160602092310.0</controlfield>
		<controlfield tag="008">050107r20001990xxk051        |   vleng  </controlfield>
		<datafield tag="010" ind1=" " ind2=" ">
			<subfield code="a">  2005640034</subfield>
		</datafield>
		<datafield tag="040" ind1=" " ind2=" ">
			<subfield code="a">DLC</subfield>
			<subfield code="e">amim</subfield>
			<subfield code="c">DLC</subfield>
			<subfield code="d">DLC</subfield>
		</datafield>
		<datafield tag="050" ind1="0" ind2="0">
			<subfield code="a">VAJ 9378 (viewing copy)</subfield>
		</datafield>
		<datafield tag="130" ind1=" " ind2=" ">
			<subfield code="a">Agatha Christie's Poirot</subfield>
			<subfield code="0">https://www.imdb.com/title/tt0094525/</subfield>
		</datafield>
		<datafield tag="245" ind1="0" ind2="0">
			<subfield code="a">Agatha Christie's Poirot</subfield>
			<subfield code="p">How does your garden grow?</subfield>
			<subfield code="c">produced by London Weekend Television ; directed by Brian Farnham ; produced by Brian Eastman ; dramatised by Andrew Marshall.</subfield>
		</datafield>
		<datafield tag="246" ind1="3" ind2="0">
			<subfield code="a">Poirot</subfield>
		</datafield>
		<datafield tag="246" ind1="3" ind2="0">
			<subfield code="a">How does your garden grow?</subfield>
		</datafield>
		<datafield tag="260" ind1=" " ind2=" ">
			<subfield code="a">Great Britain :</subfield>
			<subfield code="b">LWT,</subfield>
			<subfield code="c">1990 ;</subfield>
			<subfield code="a">United States :</subfield>
			<subfield code="b">Acorn Media,</subfield>
			<subfield code="c">2000.</subfield>
		</datafield>
		<datafield tag="300" ind1=" " ind2=" ">
			<subfield code="3">viewing copy.</subfield>
			<subfield code="a">1 Kassett (VHS) (1 min.) :</subfield>
			<subfield code="b">sd., col. ;</subfield>
			<subfield code="c">1/2 in.</subfield>
		</datafield>
		<datafield tag="336" ind1=" " ind2=" ">
			<subfield code="a">two-dimensional moving image</subfield>
			<subfield code="b">2dmi</subfield>
			<subfield code="2">rdacontent</subfield>
			<subfield code="0">http://rdaregistry.info/termList/RDAContentType/1023</subfield>
		</datafield>
		<datafield tag="337" ind1=" " ind2=" ">
			<subfield code="a">video</subfield>
			<subfield code="b">v</subfield>
			<subfield code="2">rdamedia</subfield>
			<subfield code="0">http://rdaregistry.info/termList/RDAMediaType/1008</subfield>
		</datafield>
		<datafield tag="338" ind1=" " ind2=" ">
			<subfield code="a">videocasette</subfield>
			<subfield code="b">vc</subfield>
			<subfield code="2">rdacarrier</subfield>
			<subfield code="0">ttp://rdaregistry.info/termList/RDACarrierType/1052</subfield>
		</datafield>
		<datafield tag="380" ind1=" " ind2=" ">
			<subfield code="a">TV-serie</subfield>
			<subfield code="0">http://id.loc.gov/authorities/genreForms/gf2011026673</subfield>
			<subfield code="2">LCSH</subfield>
		</datafield>
		<datafield tag="511" ind1="1" ind2=" ">
			<subfield code="a">David Suchet.</subfield>
		</datafield>
		<datafield tag="600" ind1="1" ind2="0">
			<subfield code="a">Christie, Agatha</subfield>
			<subfield code="0">http://viaf.org/viaf/71388952</subfield>
			<subfield code="4">ccp</subfield>
			<subfield code="d">1890-1976</subfield>
		</datafield>
		<datafield tag="600" ind1="1" ind2="0"> 
			<subfield code="a">Poirot, Hercule</subfield>
			<subfield code="0">http://viaf.org/viaf/111145541825196601000</subfield>
			<subfield code="4">dpc</subfield> 
			<subfield code="v">Skjønnlitteratur.</subfield> 
		</datafield> 
		<datafield tag="650" ind1=" " ind2="0"> 
			<subfield code="a">Detektiver</subfield> 
		</datafield> 
		<datafield tag="650" ind1=" " ind2="0"> 
			<subfield code="a">Privatetterforskere</subfield>
			<subfield code="z">England</subfield> 
		</datafield> 
		<datafield tag="655" ind1=" " ind2="4"> 
			<subfield code="a">Kriminal</subfield> 
		</datafield> 
		<datafield tag="700" ind1=" " ind2=" ">
			<subfield code="a">Christie, Agatha</subfield>
			<subfield code="d">1890-1976.</subfield>
			<subfield code="t">Poirots early cases</subfield>
			<subfield code="0">http://viaf.org/viaf/2222153653281055900007</subfield>
			<subfield code="i">Is adapted as motion picture</subfield>
			<subfield code="4">http://rdaregistry.info/Elements/w/adaptedAsMotionPictureWork.en</subfield>
		</datafield>
		<datafield tag="700" ind1="1" ind2=" ">
			<subfield code="a">Farnham, Brian</subfield>
			<subfield code="0">http://viaf.org/viaf/92736159</subfield>
			<subfield code="4">drt</subfield>
			<subfield code="e">regissør</subfield>
		</datafield>
		<datafield tag="700" ind1="1" ind2=" ">
			<subfield code="a">Eastman, Brian</subfield>
			<subfield code="0">http://viaf.org/viaf/275896667</subfield>
			<subfield code="4">pro</subfield>
			<subfield code="d">1949-</subfield>
			<subfield code="e">prod.</subfield>
		</datafield>
		<datafield tag="700" ind1="1" ind2=" ">
			<subfield code="a">Marshall, Andrew</subfield>
			<subfield code="0">http://viaf.org/viaf/120002969</subfield>
			<subfield code="4">aus</subfield>
			<subfield code="d">1954-</subfield>
			<subfield code="e">manusforf.</subfield>
		</datafield>
		<datafield tag="700" ind1="1" ind2=" ">
			<subfield code="a">Suchet, David</subfield>
			<subfield code="0">http://viaf.org/viaf/85684285</subfield>
			<subfield code="4">act</subfield>
			<subfield code="d">1946-</subfield>
			<subfield code="e">skuesp.</subfield>
		</datafield>
		<datafield tag="700" ind1=" " ind2=" ">
			<subfield code="a">Christie, Agatha</subfield>
			<subfield code="4">ccp</subfield>
			<subfield code="d">1890-1976.</subfield>
			<subfield code="0">http://viaf.org/viaf/71388952</subfield>
		</datafield>
		<datafield tag="710" ind1="2" ind2=" ">
			<subfield code="a">London Weekend Television (Firm)</subfield>
		</datafield>
		<datafield tag="710" ind1="2" ind2=" ">
			<subfield code="a">Copyright Collection (Library of Congress)</subfield>
			<subfield code="5">DLC</subfield>
		</datafield>
	</record>