
	<record>
		<leader>01784cgm a22004093a 4500</leader>
		<controlfield tag="001">13898408</controlfield>
		<controlfield tag="005">20160602092242.0</controlfield>
		<controlfield tag="008">050314s2001    xxu051        |   vleng  </controlfield>
		<datafield tag="010" ind1=" " ind2=" ">
			<subfield code="a">  2005640334</subfield>
		</datafield>
		<datafield tag="040" ind1=" " ind2=" ">
			<subfield code="a">DLC</subfield>
			<subfield code="c">DLC</subfield>
			<subfield code="e">amim</subfield>
			<subfield code="d">DLC</subfield>
		</datafield>
		<datafield tag="050" ind1="0" ind2="0">
			<subfield code="a">VAJ 9382 (viewing copy)</subfield>
		</datafield>
		<datafield tag="130" ind1=" " ind2=" ">
			<subfield code="a">Agatha Christie's Poirot</subfield>
			<subfield code="0">https://www.imdb.com/title/tt0094525/</subfield>
		</datafield>
		<datafield tag="245" ind1="0" ind2="0">
			<subfield code="a">Agatha Christie's Poirot</subfield>
			<subfield code="p">Murder in the mews</subfield>
			<subfield code="c">[produced by] London Weekend Television ; director, Edward Bennett ; producer, Brian Eastman ; dramatized by Clive Exton.</subfield>
		</datafield>
		<datafield tag="246" ind1="3" ind2="0">
			<subfield code="a">Murder in the mews</subfield>
		</datafield>
		<datafield tag="260" ind1=" " ind2=" ">
			<subfield code="a">Great Britain :</subfield>
			<subfield code="b">LWT,</subfield>
			<subfield code="c">1989 ;</subfield>
			<subfield code="a">United States :</subfield>
			<subfield code="b">Acorn Media,</subfield>
			<subfield code="c">2001.</subfield>
		</datafield>
		<datafield tag="300" ind1=" " ind2=" ">
			<subfield code="a">1 Kassett (VHS) (51 min.) :</subfield>
			<subfield code="b">sd., col. ;</subfield>
			<subfield code="c">1/2 in.</subfield>
			<subfield code="3">viewing copy.</subfield>
		</datafield>
		<datafield tag="336" ind1=" " ind2=" ">
			<subfield code="a">two-dimensional moving image</subfield>
			<subfield code="b">2dmi</subfield>
			<subfield code="2">rdacontent</subfield>
			<subfield code="0">http://rdaregistry.info/termList/RDAContentType/1023</subfield>
		</datafield>
		<datafield tag="337" ind1=" " ind2=" ">
			<subfield code="a">video</subfield>
			<subfield code="b">v</subfield>
			<subfield code="2">rdamedia</subfield>
			<subfield code="0">http://rdaregistry.info/termList/RDAMediaType/1008</subfield>
		</datafield>
		<datafield tag="338" ind1=" " ind2=" ">
			<subfield code="a">videocasette</subfield>
			<subfield code="b">vc</subfield>
			<subfield code="2">rdacarrier</subfield>
			<subfield code="0">ttp://rdaregistry.info/termList/RDACarrierType/1052</subfield>
		</datafield>
		<datafield tag="380" ind1=" " ind2=" ">
			<subfield code="a">TV-serie</subfield>
			<subfield code="0">http://id.loc.gov/authorities/genreForms/gf2011026673</subfield>
			<subfield code="2">LCSH</subfield>
		</datafield>
		<datafield tag="511" ind1="1" ind2=" ">
			<subfield code="a">David Suchet, Hugh Fraser, Philip Jackson, Pauline Moran.</subfield>
		</datafield>
		<datafield tag="600" ind1="1" ind2="0"> 
			<subfield code="a">Poirot, Hercule</subfield>
			<subfield code="0">http://viaf.org/viaf/111145541825196601000</subfield>
			<subfield code="4">dpc</subfield> 
			<subfield code="v">Skjønnlitteratur.</subfield> 
		</datafield> 
		<datafield tag="650" ind1=" " ind2="0"> 
			<subfield code="a">Detektiver</subfield> 
		</datafield> 
		<datafield tag="650" ind1=" " ind2="0"> 
			<subfield code="a">Privatetterforskere</subfield>
			<subfield code="z">England</subfield> 
		</datafield> 
		<datafield tag="655" ind1=" " ind2="4"> 
			<subfield code="a">Kriminal</subfield> 
		</datafield> 
		<datafield tag="700" ind1="1" ind2=" ">
			<subfield code="a">Christie, Agatha</subfield>
			<subfield code="d">1890-1976.</subfield>
			<subfield code="t">Murder in the mews</subfield>
			<subfield code="0">http://viaf.org/viaf/310534436</subfield>
			<subfield code="i">Is adapted as motion picture</subfield>
			<subfield code="4">http://rdaregistry.info/Elements/w/adaptedAsMotionPictureWork.en</subfield>
		</datafield>
		<datafield tag="700" ind1="1" ind2=" ">
			<subfield code="a">Bennett, Edward</subfield>
			<subfield code="0">http://viaf.org/viaf/120002396</subfield>
			<subfield code="4">drt</subfield>
			<subfield code="d">1950-</subfield>
			<subfield code="e">regissør</subfield>
		</datafield>
		<datafield tag="700" ind1="1" ind2=" ">
			<subfield code="a">Eastman, Brian</subfield>
			<subfield code="0">http://viaf.org/viaf/275896667</subfield>
			<subfield code="4">pro</subfield>
			<subfield code="d">1949-</subfield>
			<subfield code="e">prod.</subfield>
		</datafield>
		<datafield tag="700" ind1="1" ind2=" ">
			<subfield code="a">Exton, Clive</subfield>
			<subfield code="0">http://viaf.org/viaf/37121921</subfield>
			<subfield code="4">aus</subfield>
			<subfield code="d">1930-2007</subfield>
			<subfield code="e">manusforf.</subfield>
		</datafield>
		<datafield tag="700" ind1="1" ind2=" ">
			<subfield code="a">Suchet, David</subfield>
			<subfield code="0">http://viaf.org/viaf/85684285</subfield>
			<subfield code="4">act</subfield>
			<subfield code="d">1946-</subfield>
			<subfield code="e">skuesp.</subfield>
		</datafield>
		<datafield tag="700" ind1="1" ind2=" ">
			<subfield code="a">Fraser, Hugh</subfield>
			<subfield code="0">http://viaf.org/viaf/120381899</subfield>
			<subfield code="4">act</subfield>
			<subfield code="d">1945-</subfield>
			<subfield code="e">skuesp.</subfield>
		</datafield>
		<datafield tag="700" ind1="1" ind2=" ">
			<subfield code="a">Jackson, Philip</subfield>
			<subfield code="0">http://viaf.org/viaf/66310333</subfield>
			<subfield code="4">act</subfield>
			<subfield code="d">1948-</subfield>
			<subfield code="e">skuesp.</subfield>
		</datafield>
		<datafield tag="700" ind1="1" ind2=" ">
			<subfield code="a">Moran, Pauline</subfield>
			<subfield code="0">http://viaf.org/viaf/301608155</subfield>
			<subfield code="4">act</subfield>
			<subfield code="d">1947-</subfield>
			<subfield code="e">skuesp.</subfield>
		</datafield>
		<datafield tag="700" ind1=" " ind2=" ">
			<subfield code="a">Christie, Agatha</subfield>
			<subfield code="4">ccp</subfield>
			<subfield code="d">1890-1976.</subfield>
			<subfield code="0">http://viaf.org/viaf/71388952</subfield>
		</datafield>
		<datafield tag="710" ind1="2" ind2=" ">
			<subfield code="a">London Weekend Television (Firm)</subfield>
		</datafield>
		<datafield tag="710" ind1="2" ind2=" ">
			<subfield code="a">Copyright Collection (Library of Congress)</subfield>
			<subfield code="5">DLC</subfield>
		</datafield>
	</record>