
	<record>
		<leader>01377cam a22003373a 4500</leader>
		<controlfield tag="001">13470287</controlfield>
		<controlfield tag="005">20160602084943.0</controlfield>
		<controlfield tag="008">010507t20001984nyu           000 1 eng d</controlfield>
		<datafield tag="010" ind1=" " ind2=" ">
			<subfield code="a">  2004563734</subfield>
		</datafield>
		<datafield tag="020" ind1=" " ind2=" ">
			<subfield code="a">0425105709</subfield>
		</datafield>
		<datafield tag="035" ind1=" " ind2=" ">
			<subfield code="a">(OCoLC)ocm46889242</subfield>
		</datafield>
		<datafield tag="040" ind1=" " ind2=" ">
			<subfield code="a">WRR</subfield>
			<subfield code="c">WRR</subfield>
			<subfield code="d">OCLCQ</subfield>
			<subfield code="d">DLC</subfield>
		</datafield>
		<datafield tag="042" ind1=" " ind2=" ">
			<subfield code="a">lccopycat</subfield>
		</datafield>
		<datafield tag="050" ind1="0" ind2="0">
			<subfield code="a">CPB Box no. 2108 vol. 7</subfield>
		</datafield>
		<datafield tag="100" ind1="1" ind2=" ">
			<subfield code="a">Christie, Agatha</subfield>
			<subfield code="0">http://viaf.org/viaf/71388952</subfield>
			<subfield code="4">aut</subfield>
			<subfield code="d">1890-1976</subfield>
		</datafield>
		<datafield tag="240" ind1="1" ind2="0">
			<subfield code="a">Patriotic murders</subfield>
			<subfield code="0">http://viaf.org/viaf/178038894</subfield>
		</datafield>
		<datafield tag="245" ind1="1" ind2="0">
			<subfield code="a">One, two, buckle my shoe:</subfield>
			<subfield code="b">a Hercule Poirot novel</subfield>
			<subfield code="c">Agatha Christie</subfield>
		</datafield>
		<datafield tag="246" ind1="3" ind2=" ">
			<subfield code="a">1, 2, buckle my shoe</subfield>
		</datafield>
		<datafield tag="250" ind1=" " ind2=" ">
			<subfield code="a">Berkley ed.</subfield>
		</datafield>
		<datafield tag="260" ind1=" " ind2=" ">
			<subfield code="a">New York :</subfield>
			<subfield code="b">Berkley Books,</subfield>
			<subfield code="c">[2000], c1984.</subfield>
		</datafield>
		<datafield tag="300" ind1=" " ind2=" ">
			<subfield code="a">246 s. ;</subfield>
			<subfield code="c">18 cm.</subfield>
		</datafield>
		<datafield tag="336" ind1=" " ind2=" ">
			<subfield code="a">text</subfield>
			<subfield code="b">txt</subfield>
			<subfield code="2">rdacontent</subfield>
			<subfield code="0">http://rdaregistry.info/termList/RDAContentType/1020</subfield>
		</datafield>
		<datafield tag="337" ind1=" " ind2=" ">
			<subfield code="a">unmediated</subfield>
			<subfield code="b">umd</subfield>
			<subfield code="2">rdamedia</subfield>
			<subfield code="0">http://rdaregistry.info/termList/RDAMediaType/1007</subfield>
		</datafield>
		<datafield tag="338" ind1=" " ind2=" ">
			<subfield code="a">volume</subfield>
			<subfield code="b">vol</subfield>
			<subfield code="2">rdacarrier</subfield>
			<subfield code="0">http://rdaregistry.info/termList/RDACarrierType/1049</subfield>
		</datafield>
		<datafield tag="380" ind1=" " ind2=" "> 
			<subfield code="a">Roman</subfield> 
			<subfield code="0">http://id.loc.gov/authorities/genreForms/gf2015026020</subfield> 
			<subfield code="2">LCSH</subfield> 
		</datafield>
		<datafield tag="490" ind1="0" ind2=" ">
			<subfield code="a">A Hercule Poirot novel</subfield>
		</datafield>
		<datafield tag="500" ind1=" " ind2=" ">
			<subfield code="a">Også publisert som An overdose of death og The patriotic murders.</subfield>
		</datafield>
		<datafield tag="600" ind1="1" ind2="0"> 
			<subfield code="a">Poirot, Hercule</subfield>
			<subfield code="0">http://viaf.org/viaf/111145541825196601000</subfield>
			<subfield code="4">dpc</subfield> 
			<subfield code="v">Skjønnlitteratur.</subfield> 
		</datafield> 
		<datafield tag="650" ind1=" " ind2="0"> 
			<subfield code="a">Detektiver</subfield> 
		</datafield> 
		<datafield tag="650" ind1=" " ind2="0"> 
			<subfield code="a">Privatetterforskere</subfield>
			<subfield code="z">England</subfield> 
		</datafield> 
		<datafield tag="655" ind1=" " ind2="4"> 
			<subfield code="a">Kriminal</subfield> 
		</datafield>
		<datafield tag="710" ind1="2" ind2=" ">
			<subfield code="a">Copyright Paperback Collection (Library of Congress)</subfield>
			<subfield code="5">DLC</subfield>
		</datafield>
		<datafield tag="856" ind1="4" ind2="2">
			<subfield code="3">Contributor biographical information</subfield>
			<subfield code="u">http://www.loc.gov/catdir/enhancements/fy0717/2004563734-b.html</subfield>
		</datafield>
		<datafield tag="856" ind1="4" ind2="2">
			<subfield code="3">Publisher description</subfield>
			<subfield code="u">http://www.loc.gov/catdir/enhancements/fy0717/2004563734-d.html</subfield>
		</datafield>
		<datafield tag="800" ind1="1" ind2=" ">
			<subfield code="a">Christie, Agatha</subfield>
			<subfield code="d">1890-1976</subfield>
			<subfield code="0">http://viaf.org/viaf/71388952</subfield>
			<subfield code="4">aut</subfield>
			<subfield code="v">22 of 43</subfield>
		</datafield>
	</record>