
	<record>
		<leader>01976cgm a22004335a 4500</leader>
		<controlfield tag="001">13029109</controlfield>
		<controlfield tag="005">20160602092031.0</controlfield>
		<controlfield tag="008">021212s2001    mdu153            vleng d</controlfield>
		<datafield tag="010" ind1=" " ind2=" ">
			<subfield code="a">  2002319533</subfield>
		</datafield>
		<datafield tag="035" ind1=" " ind2=" ">
			<subfield code="a">(OCoLC)ocm49056597</subfield>
		</datafield>
		<datafield tag="040" ind1=" " ind2=" ">
			<subfield code="a">X#4</subfield>
			<subfield code="c">X#4</subfield>
			<subfield code="d">TEF</subfield>
			<subfield code="d">OCLCQ</subfield>
			<subfield code="d">DLC</subfield>
		</datafield>
		<datafield tag="020" ind1=" " ind2=" ">
			<subfield code="a">1569384827</subfield>
		</datafield>
		<datafield tag="042" ind1=" " ind2=" ">
			<subfield code="a">lccopycat</subfield>
		</datafield>
		<datafield tag="130" ind1=" " ind2=" ">
			<subfield code="a">Agatha Christie's Poirot</subfield>
			<subfield code="0">https://www.imdb.com/title/tt0094525/</subfield>
		</datafield>
		<datafield tag="245" ind1="0" ind2="0">
			<subfield code="a">Agatha Christie's Poirot</subfield>
			<subfield code="n">Collector's set 10</subfield>
			<subfield code="h">[Videoopptak]</subfield>
			<subfield code="c">London Weekend Television ; producer, Brian Eastman, director, Renny Rye.</subfield>
		</datafield>
		<datafield tag="246" ind1="3" ind2="0">
			<subfield code="a">Poirot</subfield>
		</datafield>
		<datafield tag="260" ind1=" " ind2=" ">
			<subfield code="a">Silver Spring, MD :</subfield>
			<subfield code="b">Acorn Media,</subfield>
			<subfield code="c">c2001.</subfield>
		</datafield>
		<datafield tag="300" ind1=" " ind2=" ">
			<subfield code="a">3 Kassetter (VHS) (153 min.) :</subfield>
			<subfield code="b">sd., col. ;</subfield>
			<subfield code="c">1/2 in.</subfield>
		</datafield>
		<datafield tag="336" ind1=" " ind2=" ">
			<subfield code="a">two-dimensional moving image</subfield>
			<subfield code="b">2dmi</subfield>
			<subfield code="2">rdacontent</subfield>
			<subfield code="0">http://rdaregistry.info/termList/RDAContentType/1023</subfield>
		</datafield>
		<datafield tag="337" ind1=" " ind2=" ">
			<subfield code="a">video</subfield>
			<subfield code="b">v</subfield>
			<subfield code="2">rdamedia</subfield>
			<subfield code="0">http://rdaregistry.info/termList/RDAMediaType/1008</subfield>
		</datafield>
		<datafield tag="338" ind1=" " ind2=" ">
			<subfield code="a">videocasette</subfield>
			<subfield code="b">vc</subfield>
			<subfield code="2">rdacarrier</subfield>
			<subfield code="0">ttp://rdaregistry.info/termList/RDACarrierType/1052</subfield>
		</datafield>
		<datafield tag="380" ind1=" " ind2=" ">
			<subfield code="a">TV-serie</subfield>
			<subfield code="0">http://id.loc.gov/authorities/genreForms/gf2011026673</subfield>
			<subfield code="2">LCSH</subfield>
		</datafield>
		<datafield tag="505" ind1="0" ind2=" ">
			<subfield code="t">Adventure of Johnnie Waverly --</subfield>
			<subfield code="t">Four and twenty blackbirds --</subfield>
			<subfield code="t">Murder in the mews.</subfield>
		</datafield>
		<datafield tag="511" ind1="1" ind2=" ">
			<subfield code="a">David Suchet, Hugh Fraser, Pauline Moran.</subfield>
		</datafield>
		<datafield tag="600" ind1="1" ind2="0">
			<subfield code="a">Christie, Agatha</subfield>
			<subfield code="0">http://viaf.org/viaf/71388952</subfield>
			<subfield code="4">ccp</subfield>
			<subfield code="d">1890-1976</subfield>
		</datafield>
		<datafield tag="600" ind1="1" ind2="0"> 
			<subfield code="a">Poirot, Hercule</subfield>
			<subfield code="0">http://viaf.org/viaf/111145541825196601000</subfield>
			<subfield code="4">dpc</subfield> 
			<subfield code="v">Skjønnlitteratur.</subfield> 
		</datafield> 
		<datafield tag="650" ind1=" " ind2="0"> 
			<subfield code="a">Detektiver</subfield> 
		</datafield> 
		<datafield tag="650" ind1=" " ind2="0"> 
			<subfield code="a">Privatetterforskere</subfield>
			<subfield code="z">England</subfield> 
		</datafield> 
		<datafield tag="655" ind1=" " ind2="4"> 
			<subfield code="a">Kriminal</subfield> 
		</datafield>
		<datafield tag="700" ind1="1" ind2=" ">
			<subfield code="a">Christie, Agatha</subfield>
			<subfield code="d">1890-1976.</subfield>
			<subfield code="t">Agatha Christie's Poirot</subfield>
			<subfield code="0">http://viaf.org/viaf/183348963</subfield>
			<subfield code="i">Is adapted as motion picture</subfield>
			<subfield code="4">http://rdaregistry.info/Elements/w/adaptedAsMotionPictureWork.en</subfield>
		</datafield>
		<datafield tag="700" ind1=" " ind2=" ">
			<subfield code="a">Christie, Agatha</subfield>
			<subfield code="d">1890-1976.</subfield>
			<subfield code="t">Adventure of Johnnie Waverly</subfield>
			<subfield code="0">http://viaf.org/viaf/227702986</subfield>
			<subfield code="i">Is adapted as motion picture</subfield>
			<subfield code="4">http://rdaregistry.info/Elements/w/adaptedAsMotionPictureWork.en</subfield>
		</datafield>
		<datafield tag="700" ind1=" " ind2=" ">
			<subfield code="a">Christie, Agatha</subfield>
			<subfield code="d">1890-1976.</subfield>
			<subfield code="t">Four-and-twenty blackbirds</subfield>
			<subfield code="0">http://viaf.org/viaf/1785155345592006430008</subfield>
			<subfield code="i">Is adapted as motion picture</subfield>
			<subfield code="4">http://rdaregistry.info/Elements/w/adaptedAsMotionPictureWork.en</subfield>
		</datafield>
		<datafield tag="700" ind1=" " ind2=" ">
			<subfield code="a">Christie, Agatha</subfield>
			<subfield code="d">1890-1976.</subfield>
			<subfield code="t">Murder in the mews</subfield>
			<subfield code="0">http://viaf.org/viaf/310534436</subfield>
			<subfield code="i">Is adapted as motion picture</subfield>
			<subfield code="4">http://rdaregistry.info/Elements/w/adaptedAsMotionPictureWork.en</subfield>
		</datafield>
		<datafield tag="700" ind1="1" ind2=" ">
			<subfield code="a">Rye, Renny</subfield>
			<subfield code="0">http://viaf.org/viaf/269240536</subfield>
			<subfield code="4">drt</subfield>
			<subfield code="d">1947-</subfield>
			<subfield code="e">regissør</subfield>
		</datafield>
		<datafield tag="700" ind1="1" ind2=" ">
			<subfield code="a">Suchet, David</subfield>
			<subfield code="0">http://viaf.org/viaf/85684285</subfield>
			<subfield code="4">act</subfield>
			<subfield code="d">1946-</subfield>
			<subfield code="e">skuesp.</subfield>
		</datafield>
		<datafield tag="700" ind1="1" ind2=" ">
			<subfield code="a">Fraser, Hugh</subfield>
			<subfield code="0">http://viaf.org/viaf/120381899</subfield>
			<subfield code="4">act</subfield>
			<subfield code="d">1945-</subfield>
			<subfield code="e">skuesp.</subfield>
		</datafield>
		<datafield tag="700" ind1="1" ind2=" ">
			<subfield code="a">Moran, Pauline</subfield>
			<subfield code="0">http://viaf.org/viaf/301608155</subfield>
			<subfield code="4">act</subfield>
			<subfield code="d">1947-</subfield>
			<subfield code="e">skuesp.</subfield>
		</datafield>
		<datafield tag="700" ind1=" " ind2=" ">
			<subfield code="a">Christie, Agatha</subfield>
			<subfield code="4">ccp</subfield>
			<subfield code="d">1890-1976.</subfield>
			<subfield code="0">http://viaf.org/viaf/71388952</subfield>
		</datafield>
		<datafield tag="710" ind1="2" ind2=" ">
			<subfield code="a">London Weekend Television (Firm)</subfield>
		</datafield>
		<datafield tag="710" ind1="2" ind2=" ">
			<subfield code="a">Acorn Media (Firm)</subfield>
		</datafield>
	</record>