
	<record>
		<leader>01116cam a22003011  4500</leader>
		<controlfield tag="001">9268766</controlfield>
		<controlfield tag="005">20041208122052.0</controlfield>
		<controlfield tag="008">760930s1943    nyu           000 1 eng  </controlfield>
		<datafield tag="010" ind1=" " ind2=" ">
			<subfield code="a">   44005990 </subfield>
		</datafield>
		<datafield tag="035" ind1=" " ind2=" ">
			<subfield code="9">(DLC)   44005990</subfield>
		</datafield>
		<datafield tag="035" ind1=" " ind2=" ">
			<subfield code="a">(OCoLC)2473779</subfield>
		</datafield>
		<datafield tag="040" ind1=" " ind2=" ">
			<subfield code="a">DLC</subfield>
			<subfield code="c">PBm</subfield>
			<subfield code="d">OCoLC</subfield>
			<subfield code="d">DLC</subfield>
		</datafield>
		<datafield tag="050" ind1="0" ind2="0">
			<subfield code="a">PZ3.C4637</subfield>
			<subfield code="b">Tr</subfield>
			<subfield code="a">PR6005.H66</subfield>
		</datafield>
		<datafield tag="082" ind1="0" ind2="0">
			<subfield code="a">823/.912</subfield>
			<subfield code="2">21</subfield>
		</datafield>
		<datafield tag="100" ind1="1" ind2=" ">
			<subfield code="a">Christie, Agatha</subfield>
			<subfield code="0">http://viaf.org/viaf/71388952</subfield>
			<subfield code="4">aut</subfield>
			<subfield code="d">1890-1976</subfield>
		</datafield>
		<datafield tag="245" ind1="1" ind2="0">
			<subfield code="a">Triple threat</subfield>
			<subfield code="b">exploits of three famous detectives: Hercule Poirot, Harley Quin and Tuppence</subfield>
			<subfield code="c">by Agatha Christie</subfield>
		</datafield>
		<datafield tag="260" ind1=" " ind2=" ">
			<subfield code="a">New York,</subfield>
			<subfield code="b">Dodd, Mead &amp; company,</subfield>
			<subfield code="c">1943.</subfield>
		</datafield>
		<datafield tag="300" ind1=" " ind2=" ">
			<subfield code="a">v, 282 s., 2 l., 290 s., 2 l., 277 s.</subfield>
			<subfield code="b">illus. (plan)</subfield>
			<subfield code="c">21 cm.</subfield>
		</datafield>
		<datafield tag="336" ind1=" " ind2=" ">
			<subfield code="a">text</subfield>
			<subfield code="b">txt</subfield>
			<subfield code="2">rdacontent</subfield>
			<subfield code="0">http://rdaregistry.info/termList/RDAContentType/1020</subfield>
		</datafield>
		<datafield tag="337" ind1=" " ind2=" ">
			<subfield code="a">unmediated</subfield>
			<subfield code="b">umd</subfield>
			<subfield code="2">rdamedia</subfield>
			<subfield code="0">http://rdaregistry.info/termList/RDAMediaType/1007</subfield>
		</datafield>
		<datafield tag="338" ind1=" " ind2=" ">
			<subfield code="a">volume</subfield>
			<subfield code="b">vol</subfield>
			<subfield code="2">rdacarrier</subfield>
			<subfield code="0">http://rdaregistry.info/termList/RDACarrierType/1049</subfield>
		</datafield>
		<datafield tag="380" ind1=" " ind2=" "> 
			<subfield code="a">Noveller</subfield> 
			<subfield code="0">http://id.loc.gov/authorities/genreForms/gf2014026542.html</subfield> 
			<subfield code="2">LCSH</subfield> 
		</datafield>
		<datafield tag="505" ind1="0" ind2=" ">
			<subfield code="t">Poirot investigates --</subfield>
			<subfield code="t">The mysterious Mr. Quin --</subfield>
			<subfield code="t">Partners in crime.</subfield>
		</datafield>
		<datafield tag="600" ind1="1" ind2="0"> 
			<subfield code="a">Poirot, Hercule</subfield>
			<subfield code="0">http://viaf.org/viaf/111145541825196601000</subfield>
			<subfield code="4">dpc</subfield> 
			<subfield code="v">Skjønnlitteratur.</subfield> 
		</datafield>
		<datafield tag="600" ind1="1" ind2="0"> 
			<subfield code="a">Marple, Jane</subfield>
			<subfield code="0">http://viaf.org/viaf/20152329368502672984</subfield>
			<subfield code="4">dpc</subfield> 
			<subfield code="v">Skjønnlitteratur.</subfield> 
		</datafield>
		<datafield tag="600" ind1="1" ind2="0"> 
			<subfield code="a">Mr. Quin</subfield>
			<subfield code="0">https://www.wikidata.org/wiki/Q10332944</subfield>
			<subfield code="4">dpc</subfield> 
			<subfield code="v">Skjønnlitteratur.</subfield> 
		</datafield>
		<datafield tag="650" ind1=" " ind2="0"> 
			<subfield code="a">Detektiver</subfield> 
		</datafield> 
		<datafield tag="650" ind1=" " ind2="0"> 
			<subfield code="a">Privatetterforskere</subfield>
			<subfield code="z">England</subfield> 
		</datafield> 
		<datafield tag="655" ind1=" " ind2="4"> 
			<subfield code="a">Kriminal</subfield> 
		</datafield>
		<datafield tag="700" ind1=" " ind2="2">
			<subfield code="a">Christie, Agatha</subfield>
			<subfield code="4">aut</subfield>
			<subfield code="d">1890-1976.</subfield>
			<subfield code="t">Poirot investigates</subfield>
			<subfield code="0">http://viaf.org/viaf/9180154501927439210001</subfield>
		</datafield>
		<datafield tag="700" ind1=" " ind2="2">
			<subfield code="a">Christie, Agatha</subfield>
			<subfield code="4">aut</subfield>
			<subfield code="d">1890-1976.</subfield>
			<subfield code="t">The mysterious mr. Quin</subfield>
			<subfield code="0">http://viaf.org/viaf/1214150470086004330008</subfield>
		</datafield>
		<datafield tag="700" ind1=" " ind2="2">
			<subfield code="a">Christie, Agatha</subfield>
			<subfield code="4">aut</subfield>
			<subfield code="d">1890-1976.</subfield>
			<subfield code="t">Partners in crime</subfield>
			<subfield code="0">http://viaf.org/viaf/309260730</subfield>
		</datafield>
	</record>