
	<record>
		<leader>03196ngm a2200637 c 4500</leader>
		<controlfield tag="001">a5846551</controlfield>
		<controlfield tag="003">SpMaBN</controlfield>
		<controlfield tag="005">20161229003700.5</controlfield>
		<controlfield tag="008">160909s2014    sp 093 g         1vlspa  </controlfield>
		<datafield tag="017" ind1=" " ind2=" ">
			<subfield code="a">B 9321-2014</subfield>
			<subfield code="b">Oficina Depãsito Legal Barcelona</subfield>
		</datafield>
		<datafield tag="035" ind1=" " ind2=" ">
			<subfield code="a">(OCoLC)960394631</subfield>
		</datafield>
		<datafield tag="040" ind1=" " ind2=" ">
			<subfield code="a">SpMaBN</subfield>
			<subfield code="b">spa</subfield>
			<subfield code="c">SpMaBN</subfield>
			<subfield code="e">rdc</subfield>
		</datafield>
		<datafield tag="041" ind1="1" ind2=" ">
			<subfield code="a">eng</subfield>
			<subfield code="a">spa</subfield>
			<subfield code="j">spa</subfield>
			<subfield code="h">eng</subfield>
		</datafield>
		<datafield tag="084" ind1=" " ind2=" ">
			<subfield code="a">1</subfield>
			<subfield code="2">VD</subfield>
		</datafield>
		<datafield tag="130" ind1="0" ind2=" ">
			<subfield code="a">Appointment with death</subfield>
			<subfield code="0">https://www.imdb.com/title/tt0094669/</subfield>
			<subfield code="l">Español-Inglés</subfield>
		</datafield>
		<datafield tag="240" ind1="1" ind2="0">
			<subfield code="a">Appointment with death</subfield>
			<subfield code="0">http://viaf.org/viaf/310912914</subfield>
		</datafield>
		<datafield tag="245" ind1="1" ind2="0">
			<subfield code="a">Cita con la muerte </subfield>
			<subfield code="b">Appointment with eath</subfield>
			<subfield code="c">producida y dirigida por Michael Winner ; guión de Antohny Shaffer, Peter Buckman y Michael Winner ; director de fotografía, David Gurfinkel ; música de Pino Donaggio</subfield>
		</datafield>
		<datafield tag="260" ind1=" " ind2=" ">
			<subfield code="a">[Barcelona]</subfield>
			<subfield code="b">Cinema International Media</subfield>
			<subfield code="c">D.L. 2014</subfield>
		</datafield>
		<datafield tag="300" ind1=" " ind2=" ">
			<subfield code="a">1 plate (DVD-video) (93 min)</subfield>
			<subfield code="b">son., col.</subfield>
		</datafield>
		<datafield tag="336" ind1=" " ind2=" ">
			<subfield code="a">two-dimensional moving image</subfield>
			<subfield code="b">2dmi</subfield>
			<subfield code="2">rdacontent</subfield>
			<subfield code="0">http://rdaregistry.info/termList/RDAContentType/1023</subfield>
		</datafield>
		<datafield tag="337" ind1=" " ind2=" ">
			<subfield code="a">video</subfield>
			<subfield code="b">v</subfield>
			<subfield code="2">rdamedia</subfield>
			<subfield code="0">http://rdaregistry.info/termList/RDAMediaType/1008</subfield>
		</datafield>
		<datafield tag="338" ind1=" " ind2=" ">
			<subfield code="a">videodisc</subfield>
			<subfield code="b">vd</subfield>
			<subfield code="2">rdacarrier</subfield>
			<subfield code="0">http://rdaregistry.info/termList/RDACarrierType/1060</subfield>
		</datafield>
		<datafield tag="380" ind1=" " ind2=" "> 
			<subfield code="a">Spillefilm</subfield> 
			<subfield code="0">http://id.loc.gov/authorities/genreForms/gf2011026406</subfield> 
			<subfield code="2">LCSH</subfield> 
		</datafield>
		<datafield tag="490" ind1="0" ind2=" ">
			<subfield code="a">Colección Agatha Christie : la maestra de la novela policíaca</subfield>
			<subfield code="v">vol. 2</subfield>
		</datafield>
		<datafield tag="500" ind1=" " ind2=" ">
			<subfield code="a">Basert på romanene Poirot og Appointment with death av Agatha Christie</subfield>
		</datafield>
		<datafield tag="511" ind1="1" ind2=" ">
			<subfield code="a">Peter Ustinov, Lauren Bacall, Carrie Fisher</subfield>
		</datafield>
		<datafield tag="546" ind1=" " ind2=" ">
			<subfield code="a">Versjoner på spansk og engelsk, med teksting på spansk</subfield>
		</datafield>
		<datafield tag="600" ind1="1" ind2="0"> 
			<subfield code="a">Poirot, Hercule</subfield>
			<subfield code="0">http://viaf.org/viaf/111145541825196601000</subfield>
			<subfield code="4">dpc</subfield> 
			<subfield code="v">Skjønnlitteratur.</subfield> 
		</datafield> 
		<datafield tag="650" ind1=" " ind2="0"> 
			<subfield code="a">Detektiver</subfield> 
		</datafield> 
		<datafield tag="650" ind1=" " ind2="0"> 
			<subfield code="a">Privatetterforskere</subfield>
			<subfield code="z">England</subfield> 
		</datafield> 
		<datafield tag="655" ind1=" " ind2="4"> 
			<subfield code="a">Kriminal</subfield> 
		</datafield>
		<datafield tag="700" ind1=" " ind2=" ">
			<subfield code="a">Christie, Agatha</subfield>
			<subfield code="d">1890-1976.</subfield>
			<subfield code="">Appointment with death</subfield>
			<subfield code="0">http://viaf.org/viaf/310912914</subfield>
			<subfield code="i">Is adapted as motion picture</subfield>
			<subfield code="4">http://rdaregistry.info/Elements/w/adaptedAsMotionPictureWork.en</subfield>
		</datafield>
		<datafield tag="700" ind1="1" ind2=" ">
			<subfield code="a">Christie, Agatha</subfield>
			<subfield code="d">1890-1976</subfield>
			<subfield code="t">Poirot</subfield>
			<subfield code="0">http://viaf.org/viaf/183348963</subfield>
			<subfield code="i">Is adapted as motion picture</subfield>
			<subfield code="4">http://rdaregistry.info/Elements/w/adaptedAsMotionPictureWork.en</subfield>
		</datafield>
		<datafield tag="700" ind1="1" ind2=" ">
			<subfield code="a">Winner, Michael</subfield>
			<subfield code="0">http://viaf.org/viaf/37103866</subfield>
			<subfield code="4">drt</subfield>
			<subfield code="4">pro</subfield>
			<subfield code="d">1935-2013</subfield>
			<subfield code="e">regissør</subfield>
			<subfield code="e">prod.</subfield>
		</datafield>
		<datafield tag="700" ind1="1" ind2=" ">
			<subfield code="a">Shaffer, Anthony</subfield>
			<subfield code="0">http://viaf.org/viaf/111537847</subfield>
			<subfield code="4">aus</subfield>
			<subfield code="d">1926-2001</subfield>
			<subfield code="e">manusforf.</subfield>
		</datafield>
		<datafield tag="700" ind1="1" ind2=" ">
			<subfield code="a">Buckman, Peter</subfield>
			<subfield code="0">http://viaf.org/viaf/32529765</subfield>
			<subfield code="4">aus</subfield>
			<subfield code="d">1941-</subfield>
			<subfield code="e">manusforf.</subfield>
		</datafield>
		<datafield tag="700" ind1="1" ind2=" ">
			<subfield code="a">Gurfinkel, David</subfield>
			<subfield code="0">http://viaf.org/viaf/87069660</subfield>
			<subfield code="4">cng</subfield>
			<subfield code="d">1938-</subfield>
			<subfield code="e">filmfotograf</subfield>
		</datafield>
		<datafield tag="700" ind1="1" ind2=" ">
			<subfield code="a">Donaggio, Pino</subfield>
			<subfield code="0">http://viaf.org/viaf/79166506</subfield>
			<subfield code="4">cmp</subfield>
			<subfield code="d">1941-</subfield>
			<subfield code="e">komp.</subfield>
		</datafield>
		<datafield tag="700" ind1="1" ind2=" ">
			<subfield code="a">Ustinov, Peter</subfield>
			<subfield code="0">http://viaf.org/viaf/98273667</subfield>
			<subfield code="4">act</subfield>
			<subfield code="d">1921-2004</subfield>
			<subfield code="e">skuesp.</subfield>
		</datafield>
		<datafield tag="700" ind1="1" ind2=" ">
			<subfield code="a">Bacall, Lauren</subfield>
			<subfield code="0">http://viaf.org/viaf/6818</subfield>
			<subfield code="4">act</subfield>
			<subfield code="d">1924-2014</subfield>
			<subfield code="e">skuesp.</subfield>
		</datafield>
		<datafield tag="700" ind1="1" ind2=" ">
			<subfield code="a">Fisher, Carrie</subfield>
			<subfield code="0">http://viaf.org/viaf/61593330</subfield>
			<subfield code="4">act</subfield>
			<subfield code="d">1956-2016</subfield>
			<subfield code="e">skuesp.</subfield>
		</datafield>
		<datafield tag="700" ind1=" " ind2=" ">
			<subfield code="a">Christie, Agatha</subfield>
			<subfield code="4">ccp</subfield>
			<subfield code="d">1890-1976.</subfield>
			<subfield code="0">http://viaf.org/viaf/71388952</subfield>
		</datafield>
		<datafield tag="777" ind1="0" ind2=" ">
			<subfield code="t">Detective con rubia</subfield>
			<subfield code="h">1 DVD-vídeo</subfield>
			<subfield code="w">a5846539</subfield>
		</datafield>
		<datafield tag="777" ind1="0" ind2=" ">
			<subfield code="t">Noche sin fin</subfield>
			<subfield code="h">1 DVD-vídeo</subfield>
			<subfield code="w">a5846544</subfield>
		</datafield>
		<datafield tag="777" ind1="0" ind2=" ">
			<subfield code="t">Se anuncia un asesinato</subfield>
			<subfield code="h">1 DVD-vídeo</subfield>
			<subfield code="w">a5846545</subfield>
		</datafield>
		<datafield tag="777" ind1="0" ind2=" ">
			<subfield code="t">Culpable de inocencia</subfield>
			<subfield code="h">1 DVD-vídeo</subfield>
			<subfield code="w">a5846548</subfield>
		</datafield>
	</record>