
	<record>
		<leader>01205nam a2200349 c 4500</leader>
		<controlfield tag="001">a5696254</controlfield>
		<controlfield tag="003">SpMaBN</controlfield>
		<controlfield tag="005">20160126124159.3</controlfield>
		<controlfield tag="008">151006s2015    sp     | |||| 000 f spa  </controlfield>
		<datafield tag="017" ind1=" " ind2=" ">
			<subfield code="a">B 14797-2015</subfield>
			<subfield code="b">Oficina Depãsito Legal Barcelona</subfield>
		</datafield>
		<datafield tag="020" ind1=" " ind2=" ">
			<subfield code="a">9788467045406</subfield>
		</datafield>
		<datafield tag="035" ind1=" " ind2=" ">
			<subfield code="a">(OCoLC)927795056</subfield>
		</datafield>
		<datafield tag="040" ind1=" " ind2=" ">
			<subfield code="a">SpMaBN</subfield>
			<subfield code="b">spa</subfield>
			<subfield code="c">SpMaBN</subfield>
			<subfield code="e">rdc</subfield>
		</datafield>
		<datafield tag="041" ind1="1" ind2=" ">
			<subfield code="a">spa</subfield>
			<subfield code="h">eng</subfield>
		</datafield>
		<datafield tag="080" ind1=" " ind2=" ">
			<subfield code="a">821.111-31"19"</subfield>
		</datafield>
		<datafield tag="100" ind1="1" ind2=" ">
			<subfield code="a">Christie, Agatha</subfield>
			<subfield code="0">http://viaf.org/viaf/71388952</subfield>
			<subfield code="4">aut</subfield>
			<subfield code="d">1890-1976</subfield>
		</datafield>
		<datafield tag="240" ind1="1" ind2="4">
			<subfield code="a">The body in the library</subfield>
			<subfield code="0">http://viaf.org/viaf/184645888</subfield>
			<subfield code="l">Español</subfield>
		</datafield>
		<datafield tag="245" ind1="1" ind2="3">
			<subfield code="a">Un cadá¡ver en la biblioteca</subfield>
			<subfield code="c">Agatha Christie ; traducción de Guillermo López Hipkiss</subfield>
		</datafield>
		<datafield tag="250" ind1=" " ind2=" ">
			<subfield code="a">1 ed.</subfield>
		</datafield>
		<datafield tag="260" ind1=" " ind2=" ">
			<subfield code="a">Barcelona</subfield>
			<subfield code="b">Espasa</subfield>
			<subfield code="c">2015</subfield>
		</datafield>
		<datafield tag="300" ind1=" " ind2=" ">
			<subfield code="a">205 s.</subfield>
			<subfield code="c">24 cm</subfield>
		</datafield>
		<datafield tag="336" ind1=" " ind2=" ">
			<subfield code="a">text</subfield>
			<subfield code="b">txt</subfield>
			<subfield code="2">rdacontent</subfield>
			<subfield code="0">http://rdaregistry.info/termList/RDAContentType/1020</subfield>
		</datafield>
		<datafield tag="337" ind1=" " ind2=" ">
			<subfield code="a">unmediated</subfield>
			<subfield code="b">umd</subfield>
			<subfield code="2">rdamedia</subfield>
			<subfield code="0">http://rdaregistry.info/termList/RDAMediaType/1007</subfield>
		</datafield>
		<datafield tag="338" ind1=" " ind2=" ">
			<subfield code="a">volume</subfield>
			<subfield code="b">vol</subfield>
			<subfield code="2">rdacarrier</subfield>
			<subfield code="0">http://rdaregistry.info/termList/RDACarrierType/1049</subfield>
		</datafield>
		<datafield tag="380" ind1=" " ind2=" "> 
			<subfield code="a">Roman</subfield> 
			<subfield code="0">http://id.loc.gov/authorities/genreForms/gf2015026020</subfield> 
			<subfield code="2">LCSH</subfield> 
		</datafield>
		<datafield tag="490" ind1="0" ind2=" ">
			<subfield code="a">Agatha Christie</subfield>
		</datafield>
		<datafield tag="600" ind1="1" ind2="0"> 
			<subfield code="a">Marple, Jane</subfield>
			<subfield code="0">http://viaf.org/viaf/20152329368502672984</subfield>
			<subfield code="4">dpc</subfield> 
			<subfield code="v">Skjønnlitteratur.</subfield> 
		</datafield>
		<datafield tag="650" ind1=" " ind2="0"> 
			<subfield code="a">Detektiver</subfield>
			<subfield code="z">England</subfield> 
		</datafield>
		<datafield tag="650" ind1=" " ind2="0">
			<subfield code="a">Kvinnelige detektiver</subfield>
		</datafield>
		<datafield tag="655" ind1=" " ind2="4"> 
			<subfield code="a">Kriminal</subfield> 
		</datafield>
		<datafield tag="700" ind1="1" ind2=" ">
			<subfield code="a">López Hipkiss, Guillermo</subfield>
			<subfield code="0">http://viaf.org/viaf/14365296</subfield>
			<subfield code="4">trl</subfield>
			<subfield code="d">1902-1957</subfield>
			<subfield code="e">overs.</subfield>
		</datafield>
		<datafield tag="800" ind1="1" ind2=" ">
			<subfield code="a">Christie, Agatha</subfield>
			<subfield code="0">http://viaf.org/viaf/71388952</subfield>
			<subfield code="4">aut</subfield>
			<subfield code="d">1890-1976</subfield>
		</datafield>
	</record>