
	<record>
		<leader>03897ngm a2200697 c 4500</leader>
		<controlfield tag="001">a6399242</controlfield>
		<controlfield tag="003">SpMaBN</controlfield>
		<controlfield tag="005">20190116103409.4</controlfield>
		<controlfield tag="008">190115s2013    sp 106 g      q   vlspa  </controlfield>
		<datafield tag="017" ind1=" " ind2=" ">
			<subfield code="a">M 25784-2013 (Pack)</subfield>
			<subfield code="a">M 26700-2013</subfield>
			<subfield code="b">Oficina Depósito Legal Madrid</subfield>
		</datafield>
		<datafield tag="035" ind1=" " ind2=" ">
			<subfield code="a">(OCoLC)946123808</subfield>
		</datafield>
		<datafield tag="040" ind1=" " ind2=" ">
			<subfield code="a">SpMaBN</subfield>
			<subfield code="b">spa</subfield>
			<subfield code="c">SpMaBN</subfield>
			<subfield code="e">rdc</subfield>
		</datafield>
		<datafield tag="041" ind1="1" ind2=" ">
			<subfield code="a">spa</subfield>
			<subfield code="a">eng</subfield>
			<subfield code="a">fre</subfield>
			<subfield code="a">ita</subfield>
			<subfield code="a">por</subfield>
			<subfield code="h">eng</subfield>
			<subfield code="j">mul</subfield>
		</datafield>
		<datafield tag="084" ind1=" " ind2=" ">
			<subfield code="a">1</subfield>
			<subfield code="2">VD</subfield>
		</datafield>
		<datafield tag="130" ind1="4" ind2=" ">
			<subfield code="a">The mirror crack'd</subfield>
			<subfield code="0">https://www.imdb.com/title/tt0081163/</subfield>
			<subfield code="l">Poláglota</subfield>
		</datafield>
		<datafield tag="240" ind1="1" ind2="0">
			<subfield code="a">The mirror crack'd from side to side</subfield>
			<subfield code="0">http://viaf.org/viaf/308553963</subfield>
		</datafield>
		<datafield tag="245" ind1="1" ind2="3">
			<subfield code="a">El espejo roto </subfield>
			<subfield code="b">The mirror crack'd</subfield>
			<subfield code="c">directed by Guy Hamilton ; produced by John Brabourne and Richard Goodwin ; screenplay by Jonathan Hales and Barry Sandler ; music by John Cameron</subfield>
		</datafield>
		<datafield tag="260" ind1=" " ind2=" ">
			<subfield code="a">Madrid</subfield>
			<subfield code="b">distribuido por Paramount Spain, bajo licencia de Universal Pictures Iberia</subfield>
			<subfield code="c">D.L. 2013</subfield>
		</datafield>
		<datafield tag="300" ind1=" " ind2=" ">
			<subfield code="a">1 plate (Blu-ray) (106 min.)</subfield>
			<subfield code="b">son., col.</subfield>
		</datafield>
		<datafield tag="336" ind1=" " ind2=" ">
			<subfield code="a">two-dimensional moving image</subfield>
			<subfield code="b">2dmi</subfield>
			<subfield code="2">rdacontent</subfield>
			<subfield code="0">http://rdaregistry.info/termList/RDAContentType/1023</subfield>
		</datafield>
		<datafield tag="337" ind1=" " ind2=" ">
			<subfield code="a">video</subfield>
			<subfield code="b">v</subfield>
			<subfield code="2">rdamedia</subfield>
			<subfield code="0">http://rdaregistry.info/termList/RDAMediaType/1008</subfield>
		</datafield>
		<datafield tag="338" ind1=" " ind2=" ">
			<subfield code="a">videodisc</subfield>
			<subfield code="b">vd</subfield>
			<subfield code="2">rdacarrier</subfield>
			<subfield code="0">http://rdaregistry.info/termList/RDACarrierType/1060</subfield>
		</datafield>
		<datafield tag="380" ind1=" " ind2=" "> 
			<subfield code="a">Spillefilm</subfield> 
			<subfield code="0">http://id.loc.gov/authorities/genreForms/gf2011026406</subfield> 
			<subfield code="2">LCSH</subfield> 
		</datafield>
		<datafield tag="511" ind1="1" ind2=" ">
			<subfield code="a">Angela Lansbury, Geraldine Chaplin, Tony Curtis, Edward Fox, Rock Hudson, Kim Novak, Elizabeth Taylor</subfield>
		</datafield>
		<datafield tag="546" ind1=" " ind2=" ">
			<subfield code="a">Versjoner på spansk, engelsk, fransk, italiensk, portugisisk og latinamerikansk spansk, med teksting: engelsk for døv, spansk, fransk, italiensk, japansk, portugisisk, dansk, nederlandsk, finsk, latinamerikansk spansk, norsk, russisk og svensk</subfield>
		</datafield>
		<datafield tag="600" ind1="1" ind2="0"> 
			<subfield code="a">Marple, Jane</subfield>
			<subfield code="0">http://viaf.org/viaf/20152329368502672984</subfield>
			<subfield code="4">dpc</subfield> 
			<subfield code="v">Skjønnlitteratur.</subfield> 
		</datafield>
		<datafield tag="650" ind1=" " ind2="0"> 
			<subfield code="a">Detektiver</subfield>
			<subfield code="z">England</subfield> 
		</datafield>
		<datafield tag="650" ind1=" " ind2="0">
			<subfield code="a">Kvinnelige detektiver</subfield>
		</datafield>
		<datafield tag="655" ind1=" " ind2="4"> 
			<subfield code="a">Kriminal</subfield> 
		</datafield>
		<datafield tag="700" ind1="1" ind2=" ">
			<subfield code="a">Christie, Agatha</subfield>
			<subfield code="d">1890-1976</subfield>
			<subfield code="t">The mirror crack'd from side to side</subfield>
			<subfield code="0">http://viaf.org/viaf/308553963</subfield>
			<subfield code="i">Is adapted as motion picture</subfield>
			<subfield code="4">http://rdaregistry.info/Elements/w/adaptedAsMotionPictureWork.en</subfield>
		</datafield>
		<datafield tag="700" ind1="1" ind2=" ">
			<subfield code="a">Hamilton, Guy</subfield>
			<subfield code="0">http://viaf.org/viaf/79166791</subfield>
			<subfield code="4">drt</subfield>
			<subfield code="d">1922-2016</subfield>
			<subfield code="e">regissør</subfield>	
		</datafield>
		<datafield tag="700" ind1="1" ind2=" ">
			<subfield code="a">Brabourne, John</subfield>
			<subfield code="0">http://viaf.org/viaf/18336593</subfield>
			<subfield code="4">pro</subfield>
			<subfield code="d">1924-2005</subfield>
			<subfield code="e">prod.</subfield>
		</datafield>
		<datafield tag="700" ind1="1" ind2=" ">
			<subfield code="a">Goodwin, Richard B.</subfield>
			<subfield code="0">http://viaf.org/viaf/78627804</subfield>
			<subfield code="4">pro</subfield>
			<subfield code="d">1934-</subfield>
			<subfield code="e">prod.</subfield>	
		</datafield>
		<datafield tag="700" ind1="1" ind2=" ">
			<subfield code="a">Hales, Jonathan</subfield>
			<subfield code="0">http://viaf.org/viaf/34671739</subfield>
			<subfield code="4">aus</subfield>
			<subfield code="d">1937-</subfield>
			<subfield code="e">manusforf.</subfield>	
		</datafield>
		<datafield tag="700" ind1="1" ind2=" ">
			<subfield code="a">Sandler, Barry</subfield>
			<subfield code="0">http://viaf.org/viaf/76523030</subfield>
			<subfield code="4">aus</subfield>
			<subfield code="d">1947-</subfield>
			<subfield code="e">manusforf.</subfield>
		</datafield>
		<datafield tag="700" ind1="1" ind2=" ">
			<subfield code="a">Cameron, John</subfield>
			<subfield code="0">http://viaf.org/viaf/71577302</subfield>
			<subfield code="4">cmp</subfield>
			<subfield code="d">1944-</subfield>
			<subfield code="e">komp.</subfield>	
		</datafield>
		<datafield tag="700" ind1="1" ind2=" ">
			<subfield code="a">Lansbury, Angela</subfield>
			<subfield code="0">http://viaf.org/viaf/79167035</subfield>
			<subfield code="4">act</subfield>
			<subfield code="d">1925-</subfield>
			<subfield code="e">skuesp.</subfield>	
		</datafield>
		<datafield tag="700" ind1="1" ind2=" ">
			<subfield code="a">Chaplin, Geraldine</subfield>
			<subfield code="0">http://viaf.org/viaf/84229951</subfield>
			<subfield code="4">act</subfield>
			<subfield code="d">1944-</subfield>
			<subfield code="e">skuesp.</subfield>
		</datafield>
		<datafield tag="700" ind1="1" ind2=" ">
			<subfield code="a">Curtis, Tony</subfield>
			<subfield code="0">http://viaf.org/viaf/84973434</subfield>
			<subfield code="4">act</subfield>
			<subfield code="d">1925-2010</subfield>
			<subfield code="e">skuesp.</subfield>
		</datafield>
		<datafield tag="700" ind1="1" ind2=" ">
			<subfield code="a">Fox, Edward</subfield>
			<subfield code="0">http://viaf.org/viaf/85111621</subfield>
			<subfield code="4">act</subfield>
			<subfield code="d">1937-</subfield>
			<subfield code="e">skuesp.</subfield>	
		</datafield>
		<datafield tag="700" ind1="1" ind2=" ">
			<subfield code="a">Hudson, Rock</subfield>
			<subfield code="0">http://viaf.org/viaf/52486041</subfield>
			<subfield code="4">act</subfield>
			<subfield code="d">1925-1985</subfield>
			<subfield code="e">skuesp.</subfield>	
		</datafield>
		<datafield tag="700" ind1="1" ind2=" ">
			<subfield code="a">Novak, Kim</subfield>
			<subfield code="0">http://viaf.org/viaf/85913739</subfield>
			<subfield code="4">act</subfield>
			<subfield code="d">1933-</subfield>
			<subfield code="e">skuesp.</subfield>	
		</datafield>
		<datafield tag="700" ind1="1" ind2=" ">
			<subfield code="a">Taylor, Elizabeth</subfield>
			<subfield code="0">http://viaf.org/viaf/24624716</subfield>
			<subfield code="4">act</subfield>
			<subfield code="d">1932-2011</subfield>
			<subfield code="e">skuesp.</subfield>
		</datafield>
		<datafield tag="700" ind1=" " ind2=" ">
			<subfield code="a">Christie, Agatha</subfield>
			<subfield code="4">ccp</subfield>
			<subfield code="d">1890-1976.</subfield>
			<subfield code="0">http://viaf.org/viaf/71388952</subfield>
		</datafield>
		<datafield tag="740" ind1="0" ind2="2">
			<subfield code="a">Colección Agatha Christie.</subfield>
		</datafield>
		<datafield tag="777" ind1="0" ind2=" ">
			<subfield code="t">Asesinato en el Orient Express</subfield>
			<subfield code="h">1 Blu-ray</subfield>
			<subfield code="w">a6399276</subfield>
		</datafield>
		<datafield tag="777" ind1="0" ind2=" ">
			<subfield code="t">Muerte en el Nilo</subfield>
			<subfield code="h">1 Blu-ray</subfield>
			<subfield code="w">a6399088</subfield>
		</datafield>
		<datafield tag="777" ind1="0" ind2=" ">
			<subfield code="t">Muerte bajo el sol</subfield>
			<subfield code="h">1 Blu-ray</subfield>
			<subfield code="w">a6399207</subfield>
		</datafield>
	</record>