
	<record>
		<leader>01015cam a2200289   4500</leader>
		<controlfield tag="001">a4847431</controlfield>
		<controlfield tag="003">SpMaBN</controlfield>
		<controlfield tag="005">20101110205550.4</controlfield>
		<controlfield tag="008">101025s2010    sp     | |||| 000 f spa  </controlfield>
		<datafield tag="017" ind1=" " ind2=" ">
			<subfield code="a">B 27956-2010</subfield>
			<subfield code="b">Oficina Depãsito Legal Barcelona</subfield>
		</datafield>
		<datafield tag="020" ind1=" " ind2=" ">
			<subfield code="a">9788447369300</subfield>
		</datafield>
		<datafield tag="035" ind1=" " ind2=" ">
			<subfield code="a">(OCoLC)868826036</subfield>
		</datafield>
		<datafield tag="040" ind1=" " ind2=" ">
			<subfield code="a">SpMaBN</subfield>
			<subfield code="b">spa</subfield>
			<subfield code="c">SpMaBN</subfield>
			<subfield code="e">rdc</subfield>
		</datafield>
		<datafield tag="041" ind1="1" ind2=" ">
			<subfield code="a">spa</subfield>
			<subfield code="h">eng</subfield>
		</datafield>
		<datafield tag="080" ind1=" " ind2=" ">
			<subfield code="a">821.111-31"19"</subfield>
		</datafield>
		<datafield tag="100" ind1="1" ind2=" ">
			<subfield code="a">Christie, Agatha</subfield>
			<subfield code="0">http://viaf.org/viaf/71388952</subfield>
			<subfield code="4">aut</subfield>
			<subfield code="d">1890-1976</subfield>
		</datafield>
		<datafield tag="240" ind1="1" ind2="0">
			<subfield code="a">Miss Marple and the thirteen problems</subfield>
			<subfield code="0">http://viaf.org/viaf/177962625</subfield>
			<subfield code="l">Español</subfield>
		</datafield>
		<datafield tag="245" ind1="1" ind2="0">
			<subfield code="a">Miss Marple y trece problemas</subfield>
			<subfield code="c">Agatha Christie ; [traducción, C. Peraire del Molino]</subfield>
		</datafield>
		<datafield tag="260" ind1=" " ind2=" ">
			<subfield code="a">Barcelona</subfield>
			<subfield code="b">RBA</subfield>
			<subfield code="c">D.L. 2010</subfield>
		</datafield>
		<datafield tag="300" ind1=" " ind2=" ">
			<subfield code="a">191 s.</subfield>
			<subfield code="c">20 cm</subfield>
		</datafield>
		<datafield tag="336" ind1=" " ind2=" ">
			<subfield code="a">text</subfield>
			<subfield code="b">txt</subfield>
			<subfield code="2">rdacontent</subfield>
			<subfield code="0">http://rdaregistry.info/termList/RDAContentType/1020</subfield>
		</datafield>
		<datafield tag="337" ind1=" " ind2=" ">
			<subfield code="a">unmediated</subfield>
			<subfield code="b">umd</subfield>
			<subfield code="2">rdamedia</subfield>
			<subfield code="0">http://rdaregistry.info/termList/RDAMediaType/1007</subfield>
		</datafield>
		<datafield tag="338" ind1=" " ind2=" ">
			<subfield code="a">volume</subfield>
			<subfield code="b">vol</subfield>
			<subfield code="2">rdacarrier</subfield>
			<subfield code="0">http://rdaregistry.info/termList/RDACarrierType/1049</subfield>
		</datafield>
		<datafield tag="380" ind1=" " ind2=" "> 
			<subfield code="a">Noveller</subfield> 
			<subfield code="0">http://id.loc.gov/authorities/genreForms/gf2014026542.html</subfield> 
			<subfield code="2">LCSH</subfield> 
		</datafield>
		<datafield tag="600" ind1="1" ind2="0"> 
			<subfield code="a">Marple, Jane</subfield>
			<subfield code="0">http://viaf.org/viaf/20152329368502672984</subfield>
			<subfield code="4">dpc</subfield> 
			<subfield code="v">Skjønnlitteratur.</subfield> 
		</datafield>
		<datafield tag="650" ind1=" " ind2="0"> 
			<subfield code="a">Detektiver</subfield>
			<subfield code="z">England</subfield> 
		</datafield>
		<datafield tag="650" ind1=" " ind2="0">
			<subfield code="a">Kvinnelige detektiver</subfield>
		</datafield>
		<datafield tag="655" ind1=" " ind2="4"> 
			<subfield code="a">Kriminal</subfield> 
		</datafield>
	</record>