
	<record>
		<leader>04052ngm a2200793 c 4500</leader>
		<controlfield tag="001">a6399088</controlfield>
		<controlfield tag="003">SpMaBN</controlfield>
		<controlfield tag="005">20190214112406.5</controlfield>
		<controlfield tag="008">190115s2013    sp 141 g      q   vlspa  </controlfield>
		<datafield tag="017" ind1=" " ind2=" ">
			<subfield code="a">M 25784-2013 (Pack)</subfield>
			<subfield code="a">M 26699-2013</subfield>
			<subfield code="b">Oficina Depósito Legal Madrid</subfield>
		</datafield>
		<datafield tag="035" ind1=" " ind2=" ">
			<subfield code="a">(OCoLC)1084513801</subfield>
		</datafield>
		<datafield tag="040" ind1=" " ind2=" ">
			<subfield code="a">SpMaBN</subfield>
			<subfield code="b">spa</subfield>
			<subfield code="c">SpMaBN</subfield>
			<subfield code="e">rdc</subfield>
		</datafield>
		<datafield tag="041" ind1="1" ind2=" ">
			<subfield code="a">spa</subfield>
			<subfield code="a">eng</subfield>
			<subfield code="a">fre</subfield>
			<subfield code="a">ita</subfield>
			<subfield code="h">eng</subfield>
			<subfield code="j">mul</subfield>
		</datafield>
		<datafield tag="084" ind1=" " ind2=" ">
			<subfield code="a">1</subfield>
			<subfield code="2">VD</subfield>
		</datafield>
		<datafield tag="130" ind1="0" ind2=" ">
			<subfield code="a">Death on the Nile (Film)</subfield>
			<subfield code="0">https://www.imdb.com/title/tt0077413/</subfield>
			<subfield code="l">Poláglota</subfield>
		</datafield>
		<datafield tag="240" ind1="1" ind2="0">
			<subfield code="a">Death on the Nile</subfield>
			<subfield code="0">http://viaf.org/viaf/309258229</subfield>
		</datafield>
		<datafield tag="245" ind1="1" ind2="0">
			<subfield code="a">Muerte en el Nilo </subfield>
			<subfield code="b">Agatha Christie's Death on the Nile</subfield>
			<subfield code="c">directed by John Guillermin ; produced by John Brabourne and Richard Goodwin ; screenplay by Anthony Schaffer ; music by Nino Rota</subfield>
		</datafield>
		<datafield tag="246" ind1="3" ind2="1">
			<subfield code="a">Agatha Christie's Death on the Nile</subfield>
		</datafield>
		<datafield tag="260" ind1=" " ind2=" ">
			<subfield code="a">Madrid</subfield>
			<subfield code="b">distribuido por Paramount Spain, bajo licencia de Universal Pictures Iberia</subfield>
			<subfield code="c">D.L. 2013</subfield>
		</datafield>
		<datafield tag="300" ind1=" " ind2=" ">
			<subfield code="a">1 plate (Blu-ray) (141 min.)</subfield>
			<subfield code="b">son., col.</subfield>
		</datafield>
		<datafield tag="336" ind1=" " ind2=" ">
			<subfield code="a">two-dimensional moving image</subfield>
			<subfield code="b">2dmi</subfield>
			<subfield code="2">rdacontent</subfield>
			<subfield code="0">http://rdaregistry.info/termList/RDAContentType/1023</subfield>
		</datafield>
		<datafield tag="337" ind1=" " ind2=" ">
			<subfield code="a">video</subfield>
			<subfield code="b">v</subfield>
			<subfield code="2">rdamedia</subfield>
			<subfield code="0">http://rdaregistry.info/termList/RDAMediaType/1008</subfield>
		</datafield>
		<datafield tag="338" ind1=" " ind2=" ">
			<subfield code="a">videodisc</subfield>
			<subfield code="b">vd</subfield>
			<subfield code="2">rdacarrier</subfield>
			<subfield code="0">ttp://rdaregistry.info/termList/RDACarrierType/1060</subfield>
		</datafield>
		<datafield tag="380" ind1=" " ind2=" "> 
			<subfield code="a">Spillefilm</subfield> 
			<subfield code="0">http://id.loc.gov/authorities/genreForms/gf2011026406</subfield> 
			<subfield code="2">LCSH</subfield> 
		</datafield>
		<datafield tag="490" ind1=" " ind2=" ">
			<subfield code="a">Colección Agatha Christie</subfield>
		</datafield>
		<datafield tag="500" ind1=" " ind2=" ">
			<subfield code="a">Basert på boken ved samme navn av Agatha Christie</subfield>
		</datafield>
		<datafield tag="511" ind1="1" ind2=" ">
			<subfield code="a">Peter Ustinov, Jane Birkin, Lois Chiles, Bette Davis, Mia Farrow, Jon Finch, Olivia Hussey, I.S. Johar, George Kennedy, Angela Lansbury, Simon MacCorkindale, David Niven, Maggie Smith, Jack Warden</subfield>
		</datafield>
		<datafield tag="546" ind1=" " ind2=" ">
			<subfield code="a">Versjoner på spansk, engelsk, fransk og italiensk, med teksting: engelsk for døv, spansk, fransk, italiensk, japansk, dansk, nederlandsk, finsk, latinamerikansk, norsk og svensk</subfield>
		</datafield>
		<datafield tag="600" ind1="1" ind2="0"> 
			<subfield code="a">Poirot, Hercule</subfield>
			<subfield code="0">http://viaf.org/viaf/111145541825196601000</subfield>
			<subfield code="4">dpc</subfield> 
			<subfield code="v">Skjønnlitteratur.</subfield> 
		</datafield> 
		<datafield tag="650" ind1=" " ind2="0"> 
			<subfield code="a">Detektiver</subfield> 
		</datafield> 
		<datafield tag="650" ind1=" " ind2="0"> 
			<subfield code="a">Privatetterforskere</subfield>
		</datafield> 
		<datafield tag="655" ind1=" " ind2="4"> 
			<subfield code="a">Kriminal</subfield> 
		</datafield>
		<datafield tag="700" ind1="1" ind2=" ">
			<subfield code="a">Christie, Agatha</subfield>
			<subfield code="d">1890-1976</subfield>
			<subfield code="t">Death on the Nile</subfield>
			<subfield code="0">http://viaf.org/viaf/309258229</subfield>
			<subfield code="i">Is adapted as motion picture</subfield>
			<subfield code="4">http://rdaregistry.info/Elements/w/adaptedAsMotionPictureWork.en</subfield>
		</datafield>
		<datafield tag="700" ind1="1" ind2=" ">
			<subfield code="a">Guillermin, John</subfield>
			<subfield code="0"/>
			<subfield code="4">drt</subfield>
			<subfield code="d">1925-2015</subfield>
			<subfield code="e">regissør</subfield>	
		</datafield>
		<datafield tag="700" ind1="1" ind2=" ">
			<subfield code="a">Brabourne, John</subfield>
			<subfield code="0">http://viaf.org/viaf/18336593</subfield>
			<subfield code="4">pro</subfield>
			<subfield code="d">1924-2005</subfield>
			<subfield code="e">prod.</subfield>
		</datafield>
		<datafield tag="700" ind1="1" ind2=" ">
			<subfield code="a">Goodwin, Richard B.</subfield>
			<subfield code="0">http://viaf.org/viaf/78627804</subfield>
			<subfield code="4">pro</subfield>
			<subfield code="d">1934-</subfield>
			<subfield code="e">prod.</subfield>
		</datafield>
		<datafield tag="700" ind1="1" ind2=" ">
			<subfield code="a">Shaffer, Anthony</subfield>
			<subfield code="0">http://viaf.org/viaf/111537847</subfield>
			<subfield code="4">aus</subfield>
			<subfield code="d">1926-2001</subfield>
			<subfield code="e">manusforf.</subfield>
		</datafield>
		<datafield tag="700" ind1="1" ind2=" ">
			<subfield code="a">Rota, Nino</subfield>
			<subfield code="0">http://viaf.org/viaf/88980189</subfield>
			<subfield code="4">cmp</subfield>
			<subfield code="d">1911-1979</subfield>
			<subfield code="e">komp.</subfield>	
		</datafield>
		<datafield tag="700" ind1="1" ind2=" ">
			<subfield code="a">Ustinov, Peter</subfield>
			<subfield code="0">http://viaf.org/viaf/98273667</subfield>
			<subfield code="4">act</subfield>
			<subfield code="d">1921-2004</subfield>
			<subfield code="e">skuesp.</subfield>	
		</datafield>
		<datafield tag="700" ind1="1" ind2=" ">
			<subfield code="a">Birkin, Jane</subfield>
			<subfield code="0">http://viaf.org/viaf/85476658</subfield>
			<subfield code="4">act</subfield>
			<subfield code="d">1946-</subfield>
			<subfield code="e">skuesp.</subfield>	
		</datafield>
		<datafield tag="700" ind1="1" ind2=" ">
			<subfield code="a">Chiles, Lois</subfield>
			<subfield code="0">http://viaf.org/viaf/39079772</subfield>
			<subfield code="4">act</subfield>
			<subfield code="d">1947-</subfield>
			<subfield code="e">skuesp.</subfield>	
		</datafield>
		<datafield tag="700" ind1="1" ind2=" ">
			<subfield code="a">Davis, Bette</subfield>
			<subfield code="0">http://viaf.org/viaf/73883840</subfield>
			<subfield code="4">act</subfield>
			<subfield code="d">1908-1989</subfield>
			<subfield code="e">skuesp.</subfield>	
		</datafield>
		<datafield tag="700" ind1="1" ind2=" ">
			<subfield code="a">Farrow, Mia</subfield>
			<subfield code="0">http://viaf.org/viaf/115458428</subfield>
			<subfield code="4">act</subfield>
			<subfield code="d">1945-</subfield>
			<subfield code="e">skuesp.</subfield>
		</datafield>
		<datafield tag="700" ind1="1" ind2=" ">
			<subfield code="a">Finch, Jon</subfield>
			<subfield code="0">http://viaf.org/viaf/10038288</subfield>
			<subfield code="4">act</subfield>
			<subfield code="d">1942-2012</subfield>
			<subfield code="e">skuesp.</subfield>	
		</datafield>
		<datafield tag="700" ind1="1" ind2=" ">
			<subfield code="a">Hussey, Olivia</subfield>
			<subfield code="0">http://viaf.org/viaf/85137546</subfield>
			<subfield code="4">act</subfield>
			<subfield code="d">1951-</subfield>
			<subfield code="e">skuesp.</subfield>	
		</datafield>
		<datafield tag="700" ind1="1" ind2=" ">
			<subfield code="a">Johar, I. S.</subfield>
			<subfield code="0">http://viaf.org/viaf/11153713689358660296</subfield>
			<subfield code="4">act</subfield>
			<subfield code="d">1920-1984</subfield>
			<subfield code="e">skuesp.</subfield>		
		</datafield>
		<datafield tag="700" ind1="1" ind2=" ">
			<subfield code="a">Kennedy, George</subfield>
			<subfield code="0">http://viaf.org/viaf/106983364</subfield>
			<subfield code="4">act</subfield>
			<subfield code="d">1925-2016</subfield>
			<subfield code="e">skuesp.</subfield>	
		</datafield>
		<datafield tag="700" ind1="1" ind2=" ">
			<subfield code="a">Lansbury, Angela</subfield>
			<subfield code="0">http://viaf.org/viaf/79167035</subfield>
			<subfield code="4">act</subfield>
			<subfield code="d">1925-</subfield>
			<subfield code="e">skuesp.</subfield>	
		</datafield>
		<datafield tag="700" ind1="1" ind2=" ">
			<subfield code="a">MacCorkindale, Simon</subfield>
			<subfield code="0">http://viaf.org/viaf/29718631</subfield>
			<subfield code="4">act</subfield>
			<subfield code="d">1952-2010</subfield>
			<subfield code="e">skuesp.</subfield>	
		</datafield>
		<datafield tag="700" ind1="1" ind2=" ">
			<subfield code="a">Niven, David</subfield>
			<subfield code="0">http://viaf.org/viaf/59189997</subfield>
			<subfield code="4">act</subfield>
			<subfield code="d">1910-1983</subfield>
			<subfield code="e">skuesp.</subfield>	
		</datafield>
		<datafield tag="700" ind1="1" ind2=" ">
			<subfield code="a">Smith, Maggie</subfield>
			<subfield code="0">http://viaf.org/viaf/32184778</subfield>
			<subfield code="4">act</subfield>
			<subfield code="d">1934-</subfield>
			<subfield code="e">skuesp.</subfield>	
		</datafield>
		<datafield tag="700" ind1="1" ind2=" ">
			<subfield code="a">Warden, Jack</subfield>
			<subfield code="0">http://viaf.org/viaf/64193394</subfield>
			<subfield code="4">act</subfield>
			<subfield code="d">1920-2006</subfield>
			<subfield code="e">skuesp.</subfield>	
		</datafield>
		<datafield tag="700" ind1=" " ind2=" ">
			<subfield code="a">Christie, Agatha</subfield>
			<subfield code="4">ccp</subfield>
			<subfield code="d">1890-1976.</subfield>
			<subfield code="0">http://viaf.org/viaf/71388952</subfield>
		</datafield>
		<datafield tag="740" ind1="0" ind2="2">
			<subfield code="a">Colección Agatha Christie.</subfield>
		</datafield>
		<datafield tag="777" ind1="0" ind2=" ">
			<subfield code="t">Asesinato en el Orient Express</subfield>
			<subfield code="h">1 Blu-ray</subfield>
			<subfield code="w">a6399276</subfield>
		</datafield>
		<datafield tag="777" ind1="0" ind2=" ">
			<subfield code="t">El espejo roto</subfield>
			<subfield code="h">1 Blu-ray</subfield>
			<subfield code="w">a6399242</subfield>
		</datafield>
		<datafield tag="777" ind1="0" ind2=" ">
			<subfield code="t">Muerte bajo el sol</subfield>
			<subfield code="h">1 Blu-ray</subfield>
			<subfield code="w">a6399207</subfield>
		</datafield>
	</record>