
	<record>
		<leader>02627ngm a2200565 c 4500</leader>
		<controlfield tag="001">a6149332</controlfield>
		<controlfield tag="003">SpMaBN</controlfield>
		<controlfield tag="005">20180504104054.6</controlfield>
		<controlfield tag="008">180409s2017    sp 094 g      q   vlspa  </controlfield>
		<datafield tag="017" ind1=" " ind2=" ">
			<subfield code="a">B 18362-2017</subfield>
			<subfield code="b">Oficina Depãsito Legal Barcelona</subfield>
		</datafield>
		<datafield tag="035" ind1=" " ind2=" ">
			<subfield code="a">(OCoLC)1034915024</subfield>
		</datafield>
		<datafield tag="040" ind1=" " ind2=" ">
			<subfield code="a">SpMaBN</subfield>
			<subfield code="b">spa</subfield>
			<subfield code="c">SpMaBN</subfield>
			<subfield code="e">rdc</subfield>
		</datafield>
		<datafield tag="041" ind1="1" ind2=" ">
			<subfield code="a">spa</subfield>
			<subfield code="a">eng</subfield>
			<subfield code="h">eng</subfield>
			<subfield code="j">spa</subfield>
		</datafield>
		<datafield tag="084" ind1=" " ind2=" ">
			<subfield code="a">1</subfield>
			<subfield code="2">VD</subfield>
		</datafield>
		<datafield tag="130" ind1="0" ind2=" ">
			<subfield code="a">Murder in three acts</subfield>
			<subfield code="0">https://www.imdb.com/title/tt0091572/</subfield>
			<subfield code="l">Español-Inglés</subfield>
		</datafield>
		<datafield tag="240" ind1="1" ind2="0">
			<subfield code="a">Murder in three acts</subfield>
			<subfield code="0">http://viaf.org/viaf/72145424533086831021</subfield>
		</datafield>
		<datafield tag="245" ind1="1" ind2="0">
			<subfield code="a">Tragedia en tres actos </subfield>
			<subfield code="b">Murder in three acts</subfield>
			<subfield code="c">directed by Gary Nelson ; produced by Paul Waigner ; teleplay by Scott Swanton ; director of photography, Neil Roach ; music by Alf Clausen</subfield>
		</datafield>
		<datafield tag="260" ind1=" " ind2=" ">
			<subfield code="a">[Barcelona]</subfield>
			<subfield code="b">Bestseller Entertainment</subfield>
			<subfield code="b">ClassicMedia</subfield>
			<subfield code="c">D.L. 2017</subfield>
		</datafield>
		<datafield tag="300" ind1=" " ind2=" ">
			<subfield code="a">1 plate (DVD-video) (94 min)</subfield>
			<subfield code="b">son., col.</subfield>
		</datafield>
		<datafield tag="336" ind1=" " ind2=" ">
			<subfield code="a">two-dimensional moving image</subfield>
			<subfield code="b">2dmi</subfield>
			<subfield code="2">rdacontent</subfield>
			<subfield code="0">http://rdaregistry.info/termList/RDAContentType/1023</subfield>
		</datafield>
		<datafield tag="337" ind1=" " ind2=" ">
			<subfield code="a">video</subfield>
			<subfield code="b">v</subfield>
			<subfield code="2">rdamedia</subfield>
			<subfield code="0">http://rdaregistry.info/termList/RDAMediaType/1008</subfield>
		</datafield>
		<datafield tag="338" ind1=" " ind2=" ">
			<subfield code="a">videodisc</subfield>
			<subfield code="b">vd</subfield>
			<subfield code="2">rdacarrier</subfield>
			<subfield code="0">ttp://rdaregistry.info/termList/RDACarrierType/1060</subfield>
		</datafield>
		<datafield tag="380" ind1=" " ind2=" "> 
			<subfield code="a">Spillefilm</subfield> 
			<subfield code="0">http://id.loc.gov/authorities/genreForms/gf2011026406</subfield> 
			<subfield code="2">LCSH</subfield> 
		</datafield>
		<datafield tag="490" ind1="0" ind2=" ">
			<subfield code="a">Hércules Poirot</subfield>
		</datafield>
		<datafield tag="500" ind1=" " ind2=" ">
			<subfield code="a">Basert på boken ved samme navn av Agatha Christie</subfield>
		</datafield>
		<datafield tag="511" ind1="1" ind2=" ">
			<subfield code="a">Peter Ustinov, Tony Curtis, Emma Samms</subfield>
		</datafield>
		<datafield tag="546" ind1=" " ind2=" ">
			<subfield code="a">Versjoner på spansk og engelsk, med teksting på spansk</subfield>
		</datafield>
		<datafield tag="600" ind1="1" ind2="0"> 
			<subfield code="a">Poirot, Hercule</subfield>
			<subfield code="0">http://viaf.org/viaf/111145541825196601000</subfield>
			<subfield code="4">dpc</subfield> 
			<subfield code="v">Skjønnlitteratur.</subfield> 
		</datafield> 
		<datafield tag="650" ind1=" " ind2="0"> 
			<subfield code="a">Detektiver</subfield> 
		</datafield> 
		<datafield tag="650" ind1=" " ind2="0"> 
			<subfield code="a">Privatetterforskere</subfield>
			<subfield code="z">England</subfield> 
		</datafield> 
		<datafield tag="655" ind1=" " ind2="4"> 
			<subfield code="a">Kriminal</subfield> 
		</datafield>
		<datafield tag="700" ind1="1" ind2=" ">
			<subfield code="a">Christie, Agatha</subfield>
			<subfield code="d">1890-1976</subfield>
			<subfield code="t">Three act tragedy</subfield>
			<subfield code="0">http://viaf.org/viaf/72145424533086831021</subfield>
			<subfield code="i">Is adapted as motion picture</subfield>
			<subfield code="4">http://rdaregistry.info/Elements/w/adaptedAsMotionPictureWork.en</subfield>
		</datafield>
		<datafield tag="700" ind1="1" ind2=" ">
			<subfield code="a">Nelson, Gary</subfield>
			<subfield code="0">http://viaf.org/viaf/17430325</subfield>
			<subfield code="4">drt</subfield>
			<subfield code="d">1934-</subfield>
			<subfield code="e">regissør</subfield>	
		</datafield>
		<datafield tag="700" ind1="1" ind2=" ">
			<subfield code="a">Waigner, Paul</subfield>
			<subfield code="0">http://viaf.org/viaf/6152636047120050186</subfield>
			<subfield code="4">pro</subfield>
			<subfield code="d">1944-2001</subfield>
			<subfield code="e">prod.</subfield>	
		</datafield>
		<datafield tag="700" ind1="1" ind2=" ">
			<subfield code="a">Swanton, Scott</subfield>
			<subfield code="0">http://viaf.org/viaf/48940623</subfield>
			<subfield code="4">aus</subfield>
			<subfield code="e">manusforf.</subfield>	
		</datafield>
		<datafield tag="700" ind1="1" ind2=" ">
			<subfield code="a">Roach, Neil</subfield>
			<subfield code="0">http://viaf.org/viaf/87052139</subfield>
			<subfield code="4">cng</subfield>
			<subfield code="e">filmfotograf</subfield>
		</datafield>
		<datafield tag="700" ind1="1" ind2=" ">
			<subfield code="a">Clausen, Alf</subfield>
			<subfield code="0">http://viaf.org/viaf/29732343</subfield>
			<subfield code="4">cmp</subfield>
			<subfield code="d">1941-</subfield>
			<subfield code="e">komp.</subfield>	
		</datafield>
		<datafield tag="700" ind1="1" ind2=" ">
			<subfield code="a">Ustinov, Peter</subfield>
			<subfield code="0">http://viaf.org/viaf/98273667</subfield>
			<subfield code="4">act</subfield>
			<subfield code="d">1921-2004</subfield>
			<subfield code="e">skuesp.</subfield>	
		</datafield>
		<datafield tag="700" ind1="1" ind2=" ">
			<subfield code="a">Curtis, Tony</subfield>
			<subfield code="0">http://viaf.org/viaf/84973434</subfield>
			<subfield code="4">act</subfield>
			<subfield code="d">1925-2010</subfield>
			<subfield code="e">skuesp.</subfield>	
		</datafield>
		<datafield tag="700" ind1="1" ind2=" ">
			<subfield code="a">Samms, Emma</subfield>
			<subfield code="0">http://viaf.org/viaf/32209170</subfield>
			<subfield code="4">act</subfield>
			<subfield code="d">1960-</subfield>
			<subfield code="e">skuesp.</subfield>	
		</datafield>
		<datafield tag="700" ind1=" " ind2=" ">
			<subfield code="a">Christie, Agatha</subfield>
			<subfield code="4">ccp</subfield>
			<subfield code="d">1890-1976.</subfield>
			<subfield code="0">http://viaf.org/viaf/71388952</subfield>
		</datafield>
	</record>